1848 2919
819 160 876 167 ..
963 136 1020 179 96
1106 161 1162 169 .-

262 250 315 277 ex
338 233 499 276 urbium
524 233 686 278 tributis
706 224 988 293 superessent,
1022 236 1062 279 ei
1079 235 1347 292 condonaret,
1378 246 1423 280 ut
1442 239 1569 282 multo
1589 236 1720 292 majo-

260 316 348 343 rem
365 300 692 345 Atheniensibus
714 303 888 345 classem
911 317 1145 360 comparare
1163 313 1304 378 posset
1323 309 1338 330 ³
1352 309 1366 331 ³
1379 306 1442 362 ⁹).
1661 344 1665 345 ι
1752 355 1754 357 ¹

317 369 481 420 Quanta
502 366 606 409 haec
622 384 779 412 summa
800 368 925 413 fuerit
945 385 997 413 ex
1017 385 1067 413 eo
1084 369 1232 426 conjici
1251 379 1399 427 potest,
1431 370 1541 426 quod
1559 373 1720 430 Lysan-
1757 421 1761 430 Ι

260 436 335 478 ‹ler
353 451 437 478 non
460 435 594 478 solum
617 436 810 479 ducentas
832 452 959 480 naves
984 447 1209 481 exstrueret
1227 442 1241 463 ³
1254 438 1351 495 ⁴⁰),
1381 437 1456 480 sed
1477 437 1599 480 etiam
1619 452 1720 494 qua-

261 502 477 559 dringenta
504 512 544 544 et
563 503 821 561 septuaginta
840 504 993 548 talenta
1013 514 1209 562 argentea
1233 505 1345 548 bello
1364 503 1504 556 finito,
1534 505 1721 561 Spartam

262 587 402 615 secum
423 571 572 624 ferret,
603 580 765 628 praeter
788 571 896 614 dona
919 581 960 614 et
988 572 1202 629 pecuniam
1220 571 1384 615 aliunde
1406 581 1580 616 sumtam
1600 575 1615 597 ³
1628 577 1645 598 ⁴
1659 574 1719 628 ¹).

259 642 476 681 Persanun
507 638 654 695 opibus
679 640 970 695 Spartanorum
997 638 1213 697 imperium
1238 639 1482 684 maritimum
1502 636 1721 680 adductum

260 719 352 748 esse
376 721 429 749 ex
450 705 636 762 ejusdem
660 704 834 749 civitatis
853 705 1022 750 historia
1044 707 1269 766 posteriore
1290 714 1473 765 apparet.
1504 707 1719 748 Namcum

260 771 522 831 Dercyllidas
551 782 592 815 et
620 772 845 828 Agesilaus
868 776 1085 816 Persarum
1112 775 1215 817 fines
1241 773 1445 816 hostiliter
1467 780 1654 829 peterent
1680 780 1721 819 et

260 838 547 882 Pharnabazus
568 837 884 882 Atheniensium
909 840 1031 883 rebus
1051 840 1306 897 indulgeret,
1336 855 1434 882 mox
1453 838 1597 882 horum
1614 838 1720 881 clas-

260 922 349 949 sem
381 920 493 949 mare
527 904 674 948 iterum
707 906 752 948 in
787 916 987 963 potestate
1023 906 1250 957 habentem„
1282 906 1490 960 videmus,
1537 906 1720 963 quamvis

261 976 408 1031 Sparta
427 981 522 1014 tunc
539 971 733 1029 temporis
749 988 824 1029 per
838 969 1096 1031 Lysandrum
1119 982 1160 1015 et
1175 972 1360 1030 pecuniis
1376 982 1417 1015 et
1430 973 1604 1017 navibus
1615 974 1720 1030 3¹2²)
1740 1007 1742 1009 .

261 1054 396 1096 quam.
411 1037 562 1095 optime
597 1049 705 1080 esset
733 1048 938 1082 exstructa
968 1049 1009 1082 et
1028 1038 1144 1082 initio
1168 1038 1296 1082 Asiae
1313 1039 1496 1083 civitates
1520 1048 1720 1082 certarent

261 1116 306 1149 ut
326 1103 616 1147 liberatoribus
637 1103 721 1146 suis
739 1114 901 1161 praeter
916 1106 1176 1149 constitutum
1190 1106 1386 1148 tributum
1400 1111 1414 1133 ³
1428 1111 1444 1132 ⁴
1457 1106 1501 1162 ³)
1520 1113 1603 1147 tam'
1620 1119 1736 1162 opes-

261 1187 383 1229 quam
408 1186 535 1214 naves
567 1170 841 1230 promtissime
872 1171 1121 1229 largirentur
1141 1170 1258 1229 3Ἠ).
1309 1174 1427 1216 Hanc
1458 1172 1632 1215 fortasse
1665 1171 1719 1214 ob

263 1255 350 1282 rem
373 1238 495 1281 etiam
509 1241 548 1282 Ν
551 1239 772 1296 ephereum
792 1240 977 1299 Aegypti
991 1255 1132 1296 regem
1151 1238 1231 1282 sibi
1252 1238 1466 1282 conciliare
1485 1237 1718 1292 studebant,

261 1317 307 1350 ut
334 1307 506 1350 eandem
530 1306 789 1364 provinciam,
897 1306 1047 1364 iperet,
1080 1321 1201 1363 quam
1228 1306 1338 1349 bello
1367 1304 1717 1363 Peloponnesiaco

263 1377 480 1417 Persarum
503 1390 579 1417 rex
603 1322 920 1417 obtinueffis
906 1374 969 1431 ὅ.)
1024 1376 1140 1431 Opus
1170 1382 1256 1415 erat
1283 1370 1645 1426 Antalcidasqui,
1675 1380 1721 1412 ut

260 1450 380 1484 antea
395 1441 623 1500 Lysander,
646 1439 995 1485 Lacedaemonios
1013 1456 1104 1484 cum
1121 1439 1257 1484 Persis
1274 1438 1554 1494 reconcilians,
1572 1436 1719 1481 iterum

261 1507 363 1551 mari
386 1507 562 1551 victores
584 1508 789 1551 redderet.

308 1650 401 1691 339)
427 1650 473 1686 cf.
501 1664 620 1700 supra
638 1666 676 1700 p.
703 1652 762 1687 64.
789 1664 825 1688 n.
858 1653 938 1688 161.

308 1699 401 1738 340)
427 1699 526 1734 Xen.
546 1700 685 1736 Hellen.
711 1699 756 1734 ΙΙ.
785 1703 820 1736 2
848 1701 881 1734 5.

308 1744 401 1784 341)
428 1746 525 1780 Xen.
549 1747 692 1781 Hellen.
719 1745 764 1780 ll.
789 1748 823 1784 3
845 1748 879 1781 8.
919 1746 966 1783 cf.
990 1746 1085 1782 Plut.
1116 1745 1179 1781 vit.
1211 1745 1299 1792 Lys.
1326 1754 1360 1782 c
1378 1744 1435 1779 17.
1462 1750 1498 1779 et
1522 1743 1567 1779 de
1586 1754 1716 1779 eorum

262 1790 492 1833 differentia,
520 1792 675 1835 Manso,
704 1792 751 1827 ΙΙ.
779 1806 816 1839 ρ.
838 1795 921 1828 352.
949 1800 1028 1829 not.
1054 1793 1080 1827 i.
1108 1800 1144 1828 et
1168 1804 1202 1837 p.
1230 1794 1317 1827 372.
1340 1803 1420 1839 sqq.

308 1839 396 1881 342)
421 1838 706 1874 Atheniensibus
733 1840 929 1887 lysander
957 1851 1084 1875 omnes
1116 1839 1288 1873 triremes
1318 1844 1471 1883 praeter
1497 1836 1583 1873 XlI.
1610 1837 1718 1872 dem-

262 1891 370 1921 serat.
400 1885 496 1920 Xen.
519 1886 660 1921 Hellen.
687 1885 734 1923 ΙΙ
757 1892 791 1920 3.
813 1888 849 1921 8.
896 1887 996 1930 Elei,
1029 1892 1120 1921 teste
1138 1884 1250 1921 Diod.
1268 1883 1365 1919 XIV.
1386 1884 1445 1919 34.
1472 1884 1622 1920 foedere
1642 1884 1718 1920 icto

260 1944 387 1970 omnes
409 1944 521 1968 naves
545 1932 741 1986 Spartanis
763 1933 913 1969 tradere
937 1933 1131 1969 dehebant.
1169 1932 1266 1966 Xen.
1286 1937 1411 1966 tamen
1428 1932 1570 1967 Hellen.
1593 1930 1703 1966 111.2

260 1981 319 2014 30
348 1991 427 2026 sqq·
456 1980 552 2015 hanc
580 1979 836 2015 conditionem
859 1992 1016 2027 prorsus
1042 1977 1189 2014 omittit.

308 2026 397 2070 343)
425 2025 471 2060 cf.
496 2025 610 2061 Diod.
638 2026 737 2061 le.
768 2029 823 2062 10.
851 2027 897 2063 cl'.
926 2038 1051 2087 supra.

306 2074 395 2118 344)
423 2074 510 2108 Xen
545 2074 686 2110 Hellen.
707 2073 770 2108 III.
790 2074 826 2109 4.
847 2076 906 2110 28.
941 2075 1160 2122 Ἀγησίλαος
1177 2093 1223 2099 -
1240 2092 1287 2099 ——
1312 2076 1393 2113 ταῖς
1411 2070 1544 2109 πόλεσι
1565 2069 1719 2118 παρήγ-

260 2123 361 2179 γειλε
386 2125 467 2160 ταῖς
485 2123 528 2156 ἐν
546 2124 627 2160 ταῖς
641 2118 774 2177 νήσοις
803 2125 865 2156 καὶ
897 2127 976 2161 ταῖς
994 2122 1313 2159 ἐπιθαλαττιδίοις
1332 2117 1492 2168 τριήρεις
1508 2123 1717 2165 ποιεῖςθαι,

261 2166 407 2207 ὁπόσας
418 2164 562 2225 ἑκάστη
582 2164 754 2214 βούλοιτο
785 2170 859 2204 τῶν
888 2166 1049 2206 πόλεων.
1099 2170 1177 2204 Καὶ
1207 2169 1252 2215 ἐγ
1252 2170 1381 2204 ένοντο
1411 2169 1558 2206 καιναὶ
1594 2169 1632 2206 ἐξ
1665 2166 1720 2201 ὧν

261 2220 304 2252 αἶ’
320 2230 357 2251 τε
376 2213 505 2255 πόλεις
524 2216 810 2267 ἐπηγγείλαντο,
836 2219 900 2251 καὶ
919 2219 955 2252 οἱ
976 2218 1122 2253 ἰδιῶται
1142 2217 1359 2261 ἐποιοῦντο,
1378 2217 1605 2263 χαρίζεσθαι
1624 2218 1718 2258 βου-

260 2262 334 2307 λόμ
340 2276 437 2301 ενοι,
464 2265 502 2302 ἐς
524 2262 643 2297 εἴκοσι
659 2264 725 2297 καὶ
745 2261 892 2299 ἑκατόν.

307 2310 395 2352 345)
423 2291 536 2344 Diod.
563 2308 659 2344 XIV.
685 2308 745 2343 79.
770 2308 1077 2359 Λακεδαιμόνιοι
1095 2309 1170 2358 μὲν
1189 2312 1371 2367 πρέσβεις
1380 2308 1605 2345 ἀπέστειλαν
1624 2305 1720 2355 πρὸς

261 2362 347 2405 Νεᾳ
353 2361 438 2405 ερέα
460 2356 526 2393 τὸν
549 2354 747 2413 Αἰγύπτου
774 2361 931 2403 βασιλέα
959 2361 1068 2414 περὶ
1081 2362 1312 2418 συμμαχίας·
1349 2355 1390 2396 ὃς
1420 2356 1504 2392 αντὶ
1537 2357 1599 2399 τῆς
1625 2360 1717 2401 βοη-

260 2411 368 2446 θειας
372 2393 606 2460 ἐδωοήσατο
635 2402 773 2450 σκευὴν
800 2409 877 2445 τοῖς
896 2403 1152 2459 Σπαρτιαταις
1175 2404 1310 2441 ἑκατὸν
1340 2403 1524 2452 τοιήρεσι,
1550 2407 1654 2439 σίτου
1675 2405 1718 2441 δὲ

257 2451 449 2502 μυριιιδας
474 2464 727 2499 πεντηκοντα,
753 2452 878 2508 ibique
899 2452 1115 2500 Wesseling.
1142 2452 1190 2488 cf.
1212 2451 1336 2488 Justin
1357 2439 1437 2489 5¹1.
1441 2453 1477 2485 2.
