1848 2919
786 89 1131 131 -70-

232 190 391 234 hostilis
405 204 529 234 cornu
543 189 852 248 prohibebatur,
884 191 1148 243 succurreret,
1179 188 1239 232 ibi
1254 190 1540 249 Peloponnesii
1557 190 1682 246 longe

232 258 346 301 erant
370 256 615 316 superiores.
647 257 730 312 Qui
748 271 872 315 quum
895 271 994 301 vero
1015 254 1185 299 victoria
1197 254 1295 298 freti
1312 256 1384 300 alii
1401 258 1524 304 aliam
1537 270 1683 303 navem

229 325 562 382 insequerentur,
591 324 771 384 ipsorum
798 324 962 368 ordines
980 323 1140 367 solvere
1166 332 1410 380 coeperunt,
1441 334 1683 384 quapropter

231 391 536 452 Thrasybulus,
573 406 619 435 re
651 391 956 448 animadversa,
996 389 1210 435 confestim
1247 387 1396 433 omissa
1427 392 1682 436 contentione

231 457 531 516 circumagendi
549 473 697 515 cornu,
727 465 946 503 conversus
975 473 1101 502 naves
1124 456 1207 501 sibi
1226 455 1433 515 oppositas
1452 457 1617 515 repellit
1636 473 1683 507 ac

229 524 275 567 in
291 525 434 582 fugam
452 524 594 570 vertit.
643 528 779 580 Quum
803 526 893 569 fere
922 524 1067 569 eodem
1086 533 1270 582 tempore
1294 523 1417 567 etiam
1439 524 1684 599 Syracusani

229 591 450 668 Thrasyllo
475 593 691 655 cederent,
722 609 820 637 mox
850 608 992 637 omnes
1012 592 1154 650 fugam
1173 591 1393 650 petierunt.
1436 593 1530 633 Una
1552 598 1593 632 et
1617 589 1682 632 vi-

230 658 335 715 ginti
354 650 532 701 hostium
551 674 680 703 naves
698 669 840 720 captae
860 669 975 716 sunt,
1005 659 1081 703 sed
1093 657 1368 703 Athenienses
1383 670 1544 738 quoque
1562 654 1682 714 quin·-

226 723 366 769 decim
392 725 615 771 amiserunt
631 733 647 756 ²
659 733 678 755 ⁰
688 729 752 786 ⁰).
1419 764 1421 769 ,

286 793 453 835 Bellum
481 802 619 836 tamen
650 795 876 850 diutinum,
916 795 1025 851 quod
1055 792 1271 852 postremis
1292 791 1409 836 annis
1431 792 1534 837 mari
1553 793 1682 853 potis-

230 857 377 901 simum
396 859 616 916 gerebatur
638 870 679 904 et
699 861 853 920 peritos
880 862 1003 905 duces
1034 870 1076 903 et
1103 853 1266 903 alacres
1284 870 1428 903 nautas
1458 860 1580 905 etiam
1598 865 1682 905 La-

231 924 504 968 cedaemoniis
525 927 686 971 efficere
703 928 898 974 debebat.
927 926 1142 987 Lysander
1164 936 1205 971 et
1219 925 1500 970 Callicratidas
1518 928 1683 971 cuicun-

231 1007 311 1048 que
330 992 647 1037 Atheniensium
668 994 762 1037 duci
781 993 1037 1053 aequiparari
1055 1002 1244 1052 possunt,
1275 993 1353 1036 sub
1374 1009 1543 1050 quorum
1559 994 1684 1051 igitur

229 1058 402 1116 imperio
424 1060 598 1103 classem
618 1060 1007 1119 Peloponnesiorum
1024 1069 1107 1103 tam
1129 1059 1283 1117 agilem
1303 1069 1345 1104 et
1363 1061 1549 1104 velocem
1565 1060 1683 1104 vide-

230 1140 321 1168 mus
342 1135 394 1169 ut.
412 1135 454 1169 et
473 1119 751 1180 Athenienses
771 1127 895 1186 ipsos*
908 1126 1118 1170 celeritate
1138 1136 1350 1185 superaret
1368 1128 1414 1166 '².⁰
1426 1128 1486 1185 ¹).
1517 1130 1682 1184 Pugna-

229 1206 319 1234 rum
339 1201 477 1235 tamen
489 1194 694 1236 navalium
708 1193 907 1252 plurimae
921 1204 991 1237 aut
1004 1194 1094 1237 sine
1106 1203 1192 1237 arte
1207 1192 1443 1243 commissae
1456 1204 1551 1237 sunt
1564 1199 1579 1221 ²
1591 1200 1609 1221 ⁰
1619 1200 1635 1222 ²
1644 1196 1681 1252 ),
1731 1214 1734 1218 ’

229 1268 300 1301 aut
328 1257 600 1316 descriptione
630 1261 740 1320 apud
767 1271 930 1305 veteres
954 1270 1092 1304 carent
1110 1266 1127 1290 ²
1140 1260 1238 1317 ⁰³),
1276 1275 1400 1316 quare
1430 1258 1502 1304 illa
1530 1271 1684 1306 tantum

230 1325 341 1384 apud
363 1325 595 1383 Arginusas
620 1327 774 1371 insulas
798 1326 938 1385 paucis
959 1326 1096 1371 verbis
1122 1325 1246 1382 digna
1265 1325 1443 1370 videtur.

288 1392 676 1450 Peloponnesiorum
706 1408 833 1437 naves
847 1424 862 1449 ,
906 1409 1074 1437 numero
1105 1402 1267 1436 centum
1298 1401 1339 1435 et
1369 1391 1517 1449 viginti
1543 1407 1684 1436 omnes
1721 1441 1731 1444 ,

230 1452 313 1501 una
331 1458 439 1502 serie
463 1457 567 1515 (ἐπὶ
579 1460 712 1516 μιᾶς)
735 1469 851 1502 erant
869 1461 1104 1513 collocatae,
1137 1454 1198 1509 ὡς
1217 1456 1336 1516 πρὸς
1350 1456 1593 1502 διέκπλουν
1608 1458 1686 1502 καὶ

230 1521 485 1583 περίπλουν
512 1523 937 1584 παρεσκευασμέναι
971 1523 1048 1569 διὰ
1079 1523 1135 1577 τὸ(
1164 1522 1344 1587 βέλτιον
1371 1525 1518 1568 πλεῖν.
1564 1528 1684 1569 Dex-

229 1600 336 1634 trum
357 1604 483 1635 cornu
503 1591 621 1635 duxit
640 1591 920 1635 Callicratidas
936 1591 1041 1649 ipse.
1086 1591 1402 1635 Atheniensium
1422 1607 1583 1649 quoque
1608 1606 1683 1633 na-

229 1671 303 1698 ves
320 1657 424 1712 ²0¹¹)
455 1656 500 1699 in
534 1672 615 1700 una
641 1657 748 1700 serie
779 1666 893 1700 erant
925 1657 1188 1713 constitutae,
1225 1658 1301 1701 sed
1328 1658 1388 1702 ita
1417 1667 1503 1714 „ut
1529 1657 1684 1702 insulas

230 1721 459 1779 Arginusas
487 1722 575 1766 acie
606 1739 681 1767 sua
704 1725 1086 1782 complecterentur,
1119 1740 1199 1781 quo
1216 1724 1324 1767 facto
1341 1740 1431 1768 eam
1446 1723 1683 1784 longissimo

229 1788 360 1846 spatio
399 1789 684 1844 extenderunt.
744 1790 866 1842 Quod
902 1806 993 1834 cum
1027 1789 1342 1833 Lacedaemonii
1383 1789 1555 1834 navibus
1599 1788 1683 1836 suis

228 1870 406 1912 aequare
432 1855 552 1900 nimis
575 1857 746 1914 longum
769 1872 854 1899 non
879 1848 1072 1913 possent,
1103 1853 1244 1899 divisis
1271 1855 1443 1899 navibus
1465 1855 1594 1899 aciem
1616 1855 1681 1898 in-

225 1931 385 1966 struere
415 1920 544 1965 couniti
573 1921 689 1977 sunt,
729 1921 787 1965 ita
811 1931 856 1965 ut
880 1917 1203 1965 Atheniensibus
1227 1919 1328 1979 ipsis
1356 1921 1521 1978 quidem
1538 1921 1681 1969 liceret

226 2004 303 2047 per
331 1988 461 2032 aciem
492 1988 669 2032 hostium
705 2004 728 2031 e
756 1988 927 2050 regione
956 1988 1178 2031 insularum
1212 1987 1477 2046 interruptam
1510 1988 1682 2045 pervehi

226 2055 509 2111 (διεκπλεῖν)
548 2070 590 2098 et
621 2070 647 2098 a
683 2055 812 2097 latere
848 2053 1127 2096 circumvectis
1159 2061 1276 2121 terga
1314 2053 1465 2097 adoriri
1504 2052 1680 2098 hostium

226 2124 545 2184 (περιπλεῖν),
576 2132 716 2167 contra
744 2122 884 2165 hostes
910 2135 986 2178 per
1014 2118 1166 2190 lineam
1196 2110 1426 2165 continuam
1449 2120 1679 2165 Athenien-

272 2273 365 2315 200)
387 2270 557 2320 Thucyd.
583 2269 679 2307 vul.
708 2234 788 2304 104.
816 2280 895 2318 sqq.

271 2333 364 2372 201)
391 2332 489 2365 Xen.
510 2329 655 2364 Hellen.
681 2328 708 2365 1.
729 2328 764 2362 6.
783 2329 842 2362 31.
871 2332 947 2363 Χεῖ
929 2341 1013 2374 ιρον
1030 2327 1104 2377 γὰρ
1128 2328 1265 2363 ἔπλεον
1284 2325 1582 2371 (Atheniensium
1599 2325 1677 2361 scil.

224 2378 356 2424 naves)
382 2383 418 2412 et
446 2374 511 2413 διὰ
539 2374 580 2413 τὸ
604 2378 751 2421 βέλτιον
776 2376 887 2411 πλεῖν
905 2361 1233 2416 (Lacedaemonii)
1258 2373 1371 2410 Diod.
1387 2372 1497 2410 xm.
1519 2372 1581 2407 99.
1603 2374 1677 2422 ἔα-

225 2438 348 2473 πειροι
366 2423 433 2472 μὰ
421 2439 440 2459 o
460 2436 565 2464 οντες
585 2426 660 2459 τῶν
677 2421 867 2459 κινδύνων
885 2423 922 2457 οἱ
941 2425 1109 2458 πλεῖστοι
1128 2421 1186 2458 δι
1154 2436 1192 2458 ια
1210 2420 1250 2458 τὸ
1267 2425 1388 2470 μῆκος
1407 2423 1473 2456 ταῦ
1493 2406 1674 2468 πολέμου.

270 2483 360 2527 202)
385 2483 434 2519 Ut
455 2473 555 2530 apud
579 2480 759 2530 Cyzicum
782 2486 818 2515 et
841 2480 1143 2528 Aegospotamos.

272 2540 361 2583 203)
384 2540 433 2575 Ut
456 2539 560 2589 apud
583 2538 754 2588 Abydum
779 2544 815 2574 et
841 2536 1014 2574 Cnidum.

223 2645 237 2678 Ι
267 2596 489 2678 2ἒ4ὲ5ῼιιιιο
519 2600 672 2639 πλείους
696 2594 719 2641 ἥ
742 2594 977 2642 πεντήκοντα
1012 2596 1076 2631 καὶ
1100 2592 1236 2632 ἑκατόν
1257 2600 1375 2631 erant.
1416 2595 1512 2630 Xen.
1531 2594 1673 2631 Hellen.
