1848 2919
653 186 986 229 -29.„

103 289 250 344 valuit,
279 288 490 345 fugerunt3
518 288 606 347 ipse
633 287 926 345 Philopoemen
958 283 1002 325 in
1026 282 1116 326 'levi
1140 278 1410 340 speculatoria
1439 290 1547 325 nave

103 355 236 413 fugit,
254 370 331 398 nec
342 364 436 399 ante
447 356 571 412 fugae
585 357 707 398 finem
719 385 733 408 ,
758 368 878 409 quam
893 354 1032 394 Patras
1050 359 1216 393 ventum
1239 355 1301 393 est
1312 346 1411 389 fecit
1427 351 1438 372 ¹
1452 347 1545 401 ²2⁶).

130 451 137 453 -
158 422 307 478 Nabis,
337 438 528 481 prospera
550 423 677 465 elatus
697 434 795 476 spe,
825 416 927 459 nihil
949 417 1037 472 jam
1062 409 1216 481 affini-i
1238 411 1411 473 periculi
1430 410 1544 474 fore,

103 500 145 534 et
164 499 373 533 terrestres
395 488 527 533 aditus
549 482 740 529 claudere.
762 494 984 542 opportune
1005 477 1147 540 positis
1166 479 1383 539 praesidiis
1400 477 1545 531 voluit,

103 572 225 614 quare
255 555 373 599 tertia
408 562 523 611 parte
552 550 756 608 copiarum
781 551 834 593 ab
860 550 1070 593 obsidione
1094 546 1444 608 Gytheiabdlicft'a.
1491 544 1546 587 ad

83 619 234 666 'Pleias
260 621 394 679 posuit
421 626 564 660 castra.
617 617 702 659 Sed
724 616 1013 673 Philopoemen
1036 624 1153 657 nocte
1172 613 1307 659 littora
1330 574 1476 669 legziis
1502 619 1545 653 et

102 703 288 745 egressus
326 681 542 739 consopitis
574 681 769 723 militibus
810 681 1039 739 inopinatus
1079 678 1313 736 supervenit
1352 687 1393 719 et
1429 678 1541 719 ferro

99 755 337 808 flammaque
358 748 543 793 omnibus
565 748 782 792 consumtis
806 746 997 805 perpauci
1021 754 1174 789 tantum
1194 744 1247 787 ad
1272 742 1477 801 Gytheum
1497 743 1542 785 in

98 821 251 873 majora
274 826 402 859 castra
424 815 705 872 perfugerant.
752 814 1042 872 Philopoemen
1066 812 1119 854 ad
1141 808 1337 867 Tripolim
1358 810 1545 866 depopu-

98 882 259 926 landam
289 880 469 938 protinus
497 872 652 938 pergit,
681 880 880 938 indeque,
910 880 1146 938 priusquam.
1167 887 1360 936 tyrannus
1392 890 1418 918 a
1450 878 1543 934 Gy-

98 949 192 991 theo
215 944 323 1004 agris
346 946 592 1005 praesidium
610 948 811 1002 mitteret,
842 947 1192 1003 Lacedaemonem
1217 943 1348 1000 ipsam
1370 940 1544 998 aggredi

98 1014 255 1068 statuit,
286 1029 335 1056 eo
365 1014 485 1057 modo
518 1029 598 1057 uno
626 1022 736 1058 ratus
767 1013 819 1055 ab
851 1012 1064 1055 obsidione
1080 1009 1244 1069 Gythei
1274 1010 1433 1052 hostem
1466 1007 1543 1051 ab-

99 1081 190 1123 duci
208 1096 343 1138 posse.
389 1080 473 1123 Sed
499 1096 577 1136 quo
603 1079 670 1122 die
692 1080 744 1122 ad
766 1081 919 1138 Caryas
937 1077 1073 1137 posuit
1099 1086 1252 1130 castra,
1284 1075 1429 1118 eodem
1449 1077 1539 1133 Gy-

98 1147 234 1190 theum
254 1155 527 1204 expugnatum
545 1155 621 1189 est.
651 1145 802 1199 Nabis,
833 1155 996 1202 recepto
1021 1145 1205 1204 Gytheo,
1238 1159 1328 1185 cum
1349 1140 1541 1198 expedito

96 1212 275 1255 exercitu
297 1213 480 1256 hostibus
505 1212 666 1255 obviam
687 1210 965 1269 proficiscitur.
1010 1213 1167 1253 Verum
1183 1218 1379 1268 tyrannus
1397 1206 1541 1249 Philo-

94 1278 301 1335 poemenis
333 1278 568 1322 fortitudine
602 1278 900 1332 calliditateque
927 1292 1025 1320 mox
1055 1286 1288 1333 superatus,
1328 1274 1541 1325 Lacedae-

95 1359 256 1386 monem
285 1345 384 1400 fuga
414 1343 555 1400 petiit,
586 1358 611 1385 a
634 1352 903 1400 persequente
927 1343 1243 1400 Philopoemene
1268 1341 1445 1384 maxima
1469 1351 1542 1389 oo*

95 1409 251 1468 piarum
273 1409 316 1453 vi
335 1410 537 1468 privatus,
567 1409 636 1467 qui
666 1408 815 1453 deinde
836 1409 1014 1467 mginta
1045 1408 1133 1453 dies
1157 1409 1201 1453 in
1222 1408 1428 1453 vastandis
1455 1411 1541 1452 La-

98 1492 240 1519 conum
257 1477 366 1533 agris
389 1478 586 1526 absumsit
608 1487 648 1519 et
669 1477 807 1519 fractis
827 1492 955 1533 prope
979 1475 1140 1534 tyranni
1169 1476 1345 1529 viribus,
1377 1475 1541 1516 domum

96 1541 216 1584 rediit
238 1542 353 1600 ¹²⁷).
390 1543 531 1586 Paullo
555 1552 648 1601 post
673 1551 842 1600 tyranno
864 1541 917 1584 ab
940 1540 1123 1596 Aetolis,
1156 1556 1256 1598 quos
1284 1539 1437 1584 auxilio
1464 1540 1540 1583 ad-

97 1617 309 1652 vocaverat
331 1609 557 1661 interfecto,
580 1609 872 1666 Philopoemen
891 1618 1073 1664 tempore
1097 1614 1321 1664 opportuno
1340 1606 1438 1649 thus
1459 1616 1538 1659 est,

96 1682 140 1715 ut
163 1675 381 1729 Spartanos
411 1672 557 1715 iterum
582 1675 840 1717 Achaeorum
868 1672 1027 1715 foederi
1046 1672 1318 1729 adjungeret,
1349 1673 1459 1729 quod
1490 1687 1539 1715 eo

96 1736 254 1780 facilius
279 1738 437 1793 evenit,
478 1754 600 1795 quum
630 1740 737 1783 forte
770 1740 823 1783 ad
855 1739 966 1781 idem
996 1747 1155 1795 tempus
1181 1741 1238 1781 A.
1261 1738 1414 1781 Atilius
1449 1749 1541 1789 cuju

96 1806 280 1847 Romana
307 1804 435 1847 classe
459 1805 513 1848 ad
546 1806 751 1865 Gytheum
783 1804 1005 1864 appulisset
1026 1810 1037 1832 ¹
1051 1804 1141 1862 2¹³).
1196 1806 1281 1850 Sed
1306 1805 1539 1863 Spartanis,

97 1870 352 1914 Achaeorum
381 1870 477 1928 licfft
507 1871 665 1915 foederi
697 1871 920 1929 adjunctis,
960 1887 1121 1929 semper
1146 1881 1282 1919 tamen
1304 1872 1385 1915 vici
1414 1873 1538 1915 mari-

97 1936 206 1991 timi,
236 1936 387 1980 Nabidi
401 1934 559 1994 erepti,
590 1938 775 1995 abrogati
800 1949 915 1992 sunt;
945 1938 1045 1993 vici,
1077 1956 1178 1996 quos
1200 1934 1262 1982 f&
1279 1939 1441 1982 saecula
1460 1938 1541 1980 im-

97 2002 209 2060 perio
239 2003 443 2059 subjectos
475 2012 705 2060 tenuerant,
737 2005 962 2061 quibusque
996 2005 1154 2048 amissis
1184 2005 1236 2047 ab
1273 2004 1382 2048 omni
1406 2002 1541 2047 navali

98 2068 358 2125 expeditione
382 2077 423 2110 et
445 2079 668 2112 commeatu
702 2080 816 2112 erant
849 2070 1022 2122 exclusi3
1054 2085 1177 2125 quare
1200 2069 1321 2112 etiam
1342 2086 1438 2113 mox
1461 2086 1536 2112 no-

96 2149 237 2178 vorum
260 2134 458 2175 bellorum
487 2149 647 2177 causam
676 2135 940 2192 praebebant.
981 2135 1299 2179 Lacedaemonii
1328 2135 1436 2178 enim
1448 2166 1461 2190 ,
1480 2130 1538 2178 'ut

96 2200 230 2257 aliqua
253 2198 425 2241 liberum
445 2199 497 2242 ad
525 2215 635 2242 mare
663 2200 860 2243 haberent
894 2201 1071 2255 aditun,
1104 2202 1140 2244 si
1173 2202 1331 2258 quando
1365 2204 1538 2244 Romam

96 2266 228 2309 aliove
252 2281 330 2322 quo
357 2265 517 2323 mittere
545 2266 698 2309 vellent
725 2267 907 2326 legatos,
931 2268 1136 2324 'simulque
1171 2278 1216 2310 ut
1247 2267 1470 2325 emporium
1498 2277 1540 2310 et

96 2333 390 2389 receptaculum
424 2331 650 2389 peregrinis
685 2333 885 2376 mercibus
918 2334 970 2376 ad
996 2334 1244 2377 necessarios
1274 2350 1370 2376 usus
1404 2342 1535 2387 esset,

97 2408 214 2442 nocte
237 2399 368 2458 adorti
386 2399 519 2443 vicum
538 2397 803 2455 maritimum,
835 2400 997 2444 nomine
1015 2403 1105 2453 Lan
1122 2401 1338 2460 improviso
1364 2415 1537 2458 occupa-

131 2538 236 2586 x126)
262 2540 343 2577 Liv.
369 2542 523 2578 XXXV.
546 2542 617 2583 ⁶26„
637 2541 683 2588 ef.
710 2543 803 2578 Plut.
830 2543 933 2581 Philo
962 2569 970 2578 .
999 2556 1031 2580 c.
1060 2544 1114 2580 13.
1140 2531 1247 2578 Paus.
1273 2541 1367 2578 VllI.
1392 2543 1452 2579 50.
1479 2536 1537 2579 5.-

146 2586 234 2625 127)
262 2588 344 2624 Liv.
409 2590 528 2624 XXV.
554 2585 726 2625 27²2-30.
751 2590 844 2625 Plut.
862 2598 898 2626 et
943 2602 1018 2626 aus·
1039 2590 1063 2624 l.
1081 2591 1105 2625 1.
1132 2589 1179 2625 cf.
1201 2590 1333 2638 Polyb.
1356 2590 1457 2627 XVI.
1479 2592 1538 2627 36.

97 2630 156 2664 37.
182 2637 218 2665 et
242 2632 367 2670 ibi'aSc
398 2635 528 2683 wei'gh.
555 2642 581 2671 t.
608 2636 683 2671 VII.
710 2650 747 2684 p.
774 2637 859 2671 293.
883 2646 886 2649 ’

145 2677 229 2718 128)
255 2678 338 2714 le.
365 2684 522 2720 XXXV.
548 2683 723 2718 35—37.
750 2704 794 2711 —
820 2676 913 2719 Plut.
939 2682 1079 2729 Philop.
1113 2695 1146 2719 c.
1176 2684 1232 2719 15.
1282 2685 1435 2721 Pausan.
1460 2685 1484 2720 l.
1512 2686 1538 2719 1.

98 2724 147 2768 (a.
175 2724 261 2760 Chr.
291 2726 370 2762 192.
395 2741 433 2764 u.
461 2741 493 2765 c.
520 2729 628 2777 5622)
