1848 2919
836 83 1174 125 „18-

276 188 497 229 Tarentum
520 186 592 228 ol.
616 186 780 228 xv111.
800 185 843 227 2.
869 183 932 240 (a.
953 183 1056 227 chr.
1075 184 1204 240 ⁷07.)
1235 185 1444 238 conditum
1468 198 1558 228 esse
1584 183 1722 238 docet,

278 250 492 308 suffragari
514 268 595 294 non
617 249 864 308 dubito⁸⁸).
1468 289 1470 292 .
1504 294 1506 296 ,
1560 283 1587 300 κ

337 318 623 361 conditionem
650 333 749 361 vero
772 317 1099 373 Partheniarum,
1127 317 1266 361 allatis
1295 318 1591 372 natationibus
1617 317 1726 360 diffi-

280 400 372 437 sus,
410 384 528 427 aliter
560 384 765 441 explicare
789 385 981 428 conabor.
1034 384 1160 428 Diod.
1187 383 1296 427 enim
1317 383 1447 427 sicul.
1464 386 1538 442 ⁶⁰)
1563 383 1728 436 Tarenti

282 449 510 513 conditores
532 446 808 502 ἑπευνακτάς
825 451 1023 508 appellat,
1047 467 1219 507 quocum
1235 451 1272 507 si
1285 451 1490 495 Athenaei
1503 442 1636 495 loom
1652 454 1669 478 ⁶
1683 450 1727 506 ²)

281 494 502 567 c'sstuleris
516 548 530 571 ,
561 512 633 560 ubi
658 518 850 572 affirmat,
889 516 934 558 in
960 516 1073 560 bello
1099 520 1281 561 Messen.
1305 516 1470 560 relictos
1487 519 1726 574 Spartanos,

281 598 335 628 ne
354 583 453 626 urbs
472 598 601 626 vacua
619 583 735 626 fieret
746 613 759 637 ,
788 581 833 624 in
854 582 1076 626 occisorum
1098 583 1216 627 lectis
1229 584 1402 627 Helotas
1427 583 1622 641 quosdam
1643 584 1729 626 col-

281 650 463 705 locasse,
503 666 604 707 quos
639 658 783 707 postea
826 648 935 692 cives
974 650 1102 694 factos
1140 646 1440 701 ἐπευνάκτους
1477 665 1569 693 esse
1602 663 1729 692 voca-

284 726 374 773 tus-3
426 727 468 759 et
509 716 780 772 narrationem
816 715 982 773 Polybii
1003 717 1078 773 ⁶⁸)
1131 715 1378 758 simillimam
1418 717 1470 758 de
1510 718 1731 764 Locrorum

284 774 649 841 Epizephyriorum
667 781 839 836 origine,
860 796 963 835 quae
981 782 1103 824 etiam
1121 796 1211 824 cum
1229 782 1344 824 bello
1355 782 1609 825 Messeniaco
1624 791 1732 824 arcte

286 848 495 903 cohaeret,
532 846 631 890 mihi
663 846 836 890 fortasse
871 846 1154 904 adstipularis,
1197 846 1435 891 Parthenias
1467 847 1566 891 illos
1604 847 1732 891 fuisse

285 926 470 973 posteros
490 924 675 969 {eterum
698 912 955 955 Achaeorum
981 929 1034 956 ex
1052 914 1216 957 feminis
1239 913 1530 968 Doriensibus,
1564 913 1732 969 quibus-

286 997 378 1024 cum
393 981 480 1034 illi,
510 979 720 1037 Spartanis
740 988 906 1036 propter
926 980 1085 1022 bellum
1108 979 1178 1022 diu
1197 980 1458 1035 absentibus,
1487 995 1617 1036 aeque
1634 979 1733 1022 ¹con-

288 1045 446 1090 cubitus
465 1046 680 1101 fecissent,
711 1061 758 1089 ac
783 1045 891 1089 servi
913 1062 1004 1089 cum
1022 1046 1284 1090 Locrensium
1305 1047 1500 1090 uxoribus
1523 1046 1631 1103 apud
1650 1049 1732 1088 Po-

286 1114 377 1171 lyb.
408 1113 442 1154 l.
471 1114 504 1154 l.
537 1123 578 1154 et
602 1128 691 1154 cum
712 1112 954 1169 Scytharum
975 1112 1137 1160 feminis
1160 1112 1268 1168 apud
1286 1112 1538 1153 Herodotum
1553 1114 1656 1168 ⁶3³³).
1676 1136 1733 1144 —

287 1181 403 1221 Hanc
437 1177 680 1221 sententiam
710 1177 832 1221 valde
862 1177 1099 1220 confirmant
1126 1178 1310 1233 ejusdem
1330 1178 1495 1237 Polybii
1517 1177 1644 1222 verba
1667 1178 1731 1220 di-

287 1243 396 1298 serta
418 1246 450 1288 l.
474 1247 506 1287 l.
540 1245 729 1302 Spartani
752 1243 892 1287 castris
917 1244 1107 1286 absentes
1132 1240 1295 1301 is'dqaav
1324 1241 1614 1304 ἀναστροφὴν
1633 1246 1734 1296 ταῖς

288 1312 462 1368 γυναιξὶ
484 1311 602 1371 πρὸς
621 1309 801 1363 οἰκέτας
828 1308 1037 1368 γίνεσθαι
1059 1308 1301 1368 συνήθειαν
1318 1318 1332 1338 ⁷
1345 1312 1406 1369 ⁰).

344 1382 443 1421 Dux
470 1395 569 1422 vero
598 1379 721 1422 totius
744 1377 1014 1437 expeditionis
1035 1378 1305 1433 Phalanthus,
1341 1394 1394 1422 ex
1424 1378 1734 1421 Heraclidamm

289 1445 435 1502 stirpe,
467 1445 589 1500 hujus
616 1445 863 1501 ignominiae
889 1460 971 1487 non
999 1444 1200 1501 particeps
1225 1444 1322 1497 fuit,
1354 1444 1428 1486 sed
1450 1444 1516 1486 illi
1546 1445 1735 1497 „ducem

287 1500 557 1575 Phfflthum
581 1518 809 1564 assumunt,
838 1508 970 1552 filium
986 1508 1125 1564 Arati,
1156 1508 1226 1565 qui
1240 1509 1439 1566 (Aratus)
1455 1519 1594 1557 auctor
1609 1513 1735 1567 Spar-

335 1604 402 1644 65)
430 1603 477 1639 cf.
497 1604 636 1651 Heyne,
659 1615 786 1651 opusc.
811 1604 920 1658 Acad.
942 1603 986 1639 11.
1007 1616 1046 1652 p.
1066 1605 1147 1637 217.
1169 1615 1249 1651 sqq.
1277 1609 1356 1637 not.
1379 1615 1411 1638 a.
1443 1603 1612 1650 Mueller,
1638 1604 1733 1641 Dor.

333 1663 399 1741 (ib)
424 1697 467 1751 ,¹¹¹
499 1704 658 1745 excerpt.
685 1697 803 1751 Vatic-
830 1710 873 1732 ex
898 1697 1010 1751 Diod.
1031 1695 1209 1749 biblioth.
1234 1694 1318 1730 hist.
1345 1696 1368 1729 l.
1392 1696 1587 1732 vul—x.
1640 1709 1736 1746 uper

288 1750 451 1826 {131’512‘32‘
465 1757 505 1826 ,Ρ
520 1708 1737 1838 ¹12·ss¹3:522335213?fflsssszztssasspffiazssffss“affixi

291 1849 377 1873 rum
404 1849 425 1872 a
452 1836 757 1873 Lacedaemoniis
781 1836 983 1872 substituti.
1392 1858 1395 1860 -

338 1884 400 1925 67)
428 1883 490 1917 vl.
517 1897 553 1930 p.
577 1885 658 1917 271.
684 1895 717 1917 c.

340 1930 417 1971 68)
431 1930 489 1965 De
515 1928 705 1966 sententiis
726 1929 911 1976 Excerpta
936 1928 999 1964 lib.
1020 1927 1101 1964 XII.
1121 1927 1154 1962 5.
1182 1940 1219 1974 p.
1241 1928 1325 1963 383.
1347 1940 1424 1976 sqq.
1448 1929 1509 1971 gd.
1532 1928 1608 1965 Mai
1628 1944 1664 1978 p.
1681 1932 1735 1968 15.

292 1978 349 2014 ed.
364 1977 496 2012 Lucht.
523 1999 570 2012 ,-
594 1977 679 2023 Qua
704 1975 918 2011 narratione
938 1976 1107 2025 Niebuhr
1129 1975 1169 2010 in
1193 1973 1324 2016 hinton
1339 1975 1491 2011 Roman.
1511 1988 1547 2022 p.
1565 1978 1643 2012 175.
1657 1990 1736 2026 sqq.

293 2024 431 2072 optime
457 2036 544 2060 usus
570 2030 643 2060 est:
667 2025 757 2069 „bie
776 2024 878 2068 &age
904 2044 944 2049 —
972 2044 1019 2050 —
1045 2024 1119 2066 [tisst
1145 2023 1319 2068 erratben,
1345 2023 1410 2064 ῦαῖς
1484 2025 1575 2068 jener
1594 2026 1668 2065 Scit
1693 2037 1738 2064 uu

292 2073 464 2116 mebreren
480 2072 592 2109 Dtten
611 2070 661 2108 bie
678 2075 743 2107 αιιὺ
762 2070 855 2114 (ibon
875 2070 1188 2116 obancnnubium
1209 2070 1421 2115 geborncn&
1469 2081 1508 2107 nc
1526 2073 1752 2127 being-ricbtp,

292 2118 350 2155 Ber
380 2119 657 2163 aristottotifmen
687 2119 894 2160 ffiemtbtifen
919 2114 1149 2163 erfd>fittcrten
1178 2118 1246 2153 unb
1270 2115 1353 2160 biefc
1381 2120 1420 2159 fic
1441 2119 1475 2152 in
1499 2118 1548 2153 bic
1574 2120 1678 2159 &ferne
1702 2119 1747 2163 m*

293 2164 412 2209 sentiet!
433 2165 595 2207 fuebttnl'
622 2165 667 2199 cf.
679 2164 836 2211 Dionys.
851 2164 1032 2211 Perieget.
1047 2177 1083 2199 v.
1096 2164 1178 2198 366.
1200 2165 1381 2211 σφετέρῃς
1397 2167 1596 2211 μιχθέντες
1618 2163 1739 2201 ἀνάσ-
1782 2212 1784 2214 ‚

296 2222 398 2249 σαις,
418 2210 484 2245 ubi
508 2222 542 2244 v.
565 2211 730 2245 Eustath.

342 2251 411 2297 69')
438 2257 615 2292 Herodot.
641 2257 695 2290 lV.
725 2259 756 2292 1.
783 2269 862 2305 sqq.
889 2264 923 2292 et
947 2256 1081 2293 Justin.
1108 2255 1151 2291 Il.
1179 2256 1212 2291 5.

342 2306 409 2345 70)
434 2305 528 2340 Cum
551 2302 757 2350 posteriore
783 2311 887 2351 parte
909 2303 1093 2340 consentit
1116 2303 1254 2350 optime
1273 2303 1398 2339 Schol.
1415 2305 1461 2340 ad
1479 2305 1607 2340 Horat.
1624 2304 1739 2340 od.lI.

295 2352 330 2387 6.
358 2353 415 2386 12.
464 2349 693 2386 Phalanthus
714 2349 1031 2387 Lacedaemonius
1054 2350 1124 2386 fuit
1146 2348 1280 2395 ejaeffjtus
1299 2353 1440 2398 patria,
1468 2352 1537 2387 hac
1556 2351 1600 2386 de
1618 2364 1740 2400 causa,

296 2398 396 2447 quod
424 2397 636 2433 absentibus
663 2397 961 2433 Lacedaemoniis
991 2410 1122 2433 eorum
1149 2396 1244 2433 filiae
1270 2410 1315 2432 ex
1337 2400 1451 2435 servis
1476 2398 1653 2445 gravidae
1672 2397 1749 2447 p·Q

295 2452 493 2493 perer-ant,
521 2454 614 2491 quos
634 2442 730 2478 filios
753 2443 816 2477 tali
839 2445 949 2488 culpa
973 2444 1116 2523 zenitos
1135 2444 1278 2480 reversi
1296 2456 1318 2479 a
1335 2445 1392 2481 bel
1400 2447 1434 2481 lo
1447 2444 1742 2481 Lacedaemones

298 2491 422 2538 patria
442 2493 648 2535 ejecerunt,
676 2500 840 2539 quorum
863 2489 936 2523 dux
956 2490 982 2523 P
1008 2491 1178 2525 alanthus
1197 2489 1267 2525 fuit
1280 2517 1289 2533 ,
1316 2491 1380 2545 qui
1393 2492 1633 2539 Tarentinam
1647 2503 1744 2527 con-

298 2538 391 2573 didit
413 2537 621 2585 civitatem,
647 2543 688 2572 ut
707 2536 827 2572 fertur
850 2543 1002 2571 octavus
1023 2537 1069 2571 ab
1091 2537 1259 2572 Hercule.
1286 2537 1332 2573 H1
1355 2539 1595 2586 tamoqsservi
1622 2542 1744 2581 (0335-

298 2592 379 2667 ἷαι)
405 2591 686 2669 mni-veteres
710 2584 877 2629 incolae,
914 2593 1006 2631 quos
1035 2582 1316 2620 Lacedaemonii
1348 2586 1521 2622 subactos
1548 2597 1743 2621 servorum

313 2643 384 2669 oco
484 2643 503 2667 e
531 2635 605 2666 ant.
960 2645 964 2650 ·

1846 2457 1848 2530 ἱ
