1848 2919
652 219 984 263 -53..-

94 314 198 357 intra
219 312 353 356 sinum
372 324 413 358 et
432 329 558 375 prope
579 327 729 362 terram
748 319 987 377 navigantes
1005 322 1209 378 viderunt,
1237 321 1357 379 'signo
1375 329 1544 380 repente

95 382 214 433 dato,
244 382 548 425 conversionem
582 384 789 438 fecerunt,
821 394 862 427 et
882 387 1035 441 junctis
1070 389 1273 431 frontibus
1293 387 1544 444 (μετωπη-

95 443 199 506 δόν)
220 448 296 506 ⁸⁴)
329 447 372 491 in
407 448 684 492 Athenienses
717 449 943 509 irrumpunt
976 463 1186 511 sperantes
1222 465 1365 498 omnes
1403 467 1544 496 eorum

94 529 221 558 naves
252 530 279 558 a
306 531 352 558 se
382 515 649 572 interceptum
676 515 743 559 iri.
803 519 960 559 Verum
984 519 1151 566 illorum
1172 520 1362 563 undecim
1386 519 1544 576 priores

93 581 480 641 Peloponnesiorum
502 581 807 633 conversionem
830 581 1003 627 vitantes
1022 583 1066 626 in
1082 588 1266 643 apertum
1284 601 1396 629 mare
1419 585 1544 642 suge·

94 659 211 704 runt,
241 657 397 692 ceteras
424 656 560 691 autem
583 647 649 690 ini
668 647 722 698 ad
746 645 895 691 terrain
923 651 1205 706 compulerunt
1235 661 1276 694 et
1301 652 1542 707 nonnullas,

93 715 194 759 viris
218 724 289 759 aut
315 714 540 757 interfectis
557 722 628 757 aut
652 713 788 757 nando
814 714 985 767 servatis
1008 725 1200 773 ceperunt
1225 716 1391 771 inanes,
1421 732 1545 761 unam

95 797 187 824 cum
210 773 319 838 ipsis·
339 778 459 834 viris3
503 779 607 823 alias
630 779 720 836 J‘am
750 788 886 836 captas
914 780 1213 824 Messeniorum
1247 781 1430 839 pedites,
1474 783 1546 838 qui

41 888 43 893 ,
95 856 203 894 terra
233 855 347 889 erant
373 845 522 902 secuti,
549 861 671 889 mare
702 844 897 890 intrantes
929 855 970 890 et
998 847 1171 890 navibus
1201 846 1453 901 conscensis,
1494 863 1548 890 ex

95 910 287 954 tabulatis
306 906 549 969 pugnantes,
576 922 880 969 recuperarunt.
910 915 970 956 At
995 912 1142 969 viginti
1158 912 1548 970 Peloponnesiorum

95 973 226 1022 naves
245 992 350 1034 quae
377 978 521 1022 dextro
546 993 671 1021 cornu
691 979 912 1023 collocatae
936 989 1074 1034 erant,
1104 979 1295 1022 undecim
1312 979 1547 1024 Athenien·
1609 1015 1613 1018 .

96 1045 201 1087 sium
220 1044 478 1102 negligenter
497 1045 845 1102 persequebantur
863 1059 1020 1103 paeana
1039 1055 1229 1102 tanquam
1247 1046 1422 1089 victores
1441 1046 1549 1089 inter

96 1109 376 1168 remigandum
395 1120 608 1166 canentes,
639 1111 768 1154 donec
792 1125 874 1153 una
902 1126 956 1152 ex
984 1109 1036 1153 iis
1060 1111 1293 1166 Leucadia,
1324 1111 1390 1153 cui
1414 1115 1548 1154 Lace-

97 1174 333 1217 daemonius
358 1175 606 1219 Timocrates
635 1186 840 1234 praeerat,
872 1177 966 1233 (qui
984 1187 1131 1235 vpostea
1155 1193 1317 1220 manum
1348 1177 1431 1219 sibi
1458 1177 1549 1234 ipse

96 1240 257 1298 intulit)
294 1256 398 1298 quae
433 1250 587 1284 ceteras
623 1241 916 1296 antecedebat,
957 1243 1272 1286 Atheniensium
1302 1257 1426 1285 unam
1455 1245 1550 1300 post

97 1307 201 1350 alias
224 1307 408 1350 relictam
430 1322 682 1364 persequens
703 1308 756 1350 ab
776 1308 855 1350 hac
880 1308 1108 1351 onerariam
1126 1325 1275 1352 navem
1292 1308 1337 1350 in
1358 1309 1445 1350 alto
1464 1316 1549 1350 sta-

97 1372 249 1415 tionem
270 1381 476 1415 tenentem
504 1382 783 1433 praetervecta
806 1373 1150 1430 submergeretur.
1199 1378 1314 1419 Haec
1338 1376 1406 1417 res
1427 1375 1551 1417 Pelo-

97 1437 316 1496 ponnesios
337 1434 462 1481 valde
484 1435 722 1496 perterruit,
746 1452 876 1496 'quum
892 1439 963 1483 alii
975 1440 1065 1496 jam
1083 1439 1272 1482 demissis
1292 1440 1415 1483 remis
1431 1439 1551 1483 navi-

98 1504 274 1560 gationis
302 1518 461 1546 cursum
490 1504 782 1558 inhibuissent,
819 1505 890 1547 alii
917 1514 1083 1561 propter
1115 1505 1199 1548 loci
1234 1505 1480 1562 imperitiam
1509 1504 1552 1547 in

98 1571 241 1614 brevia
270 1568 520 1613 incidissent.
574 1570 850 1615 Athenienses
881 1570 945 1613 his
970 1565 1094 1612 rebus
1128 1570 1355 1612 observatis
1381 1581 1552 1628 repente

98 1637 260 1692 signum
281 1635 432 1676 dedere
457 1644 498 1676 et
520 1634 826 1692 impressionem
843 1636 887 1677 in
908 1650 980 1677 eos
998 1635 1207 1689 fecerunt,
1238 1636 1308 1690 qui
1328 1636 1553 1692 paullisper

99 1717 239 1746 eorum
258 1700 454 1760 impetum
475 1699 769 1758 sustinuerunt,
803 1701 952 1757 deinde
977 1710 1095 1758 terga
1115 1700 1259 1744 dantes
1282 1703 1549 1758 Panomum,

99 1770 209 1812 unde
229 1770 458 1823 solverant,
489 1768 644 1811 reversi
662 1778 770 1812 sunt.
803 1759 1079 1812 Atheitienses
1095 1767 1302 1809 subsecuti
1317 1784 1393 1810 sex
1409 1769 1551 1825 proxi-

101 1851 188 1880 mas
221 1836 414 1893 ceperunt
447 1849 574 1878 naves
604 1843 725 1892 atque
750 1849 844 1878 suas
871 1848 1030 1891 quoque
1052 1833 1330 1888 abstulerunt,
1362 1848 1462 1890 quas
1487 1834 1554 1877 illi
1602 1847 1605 1849 ·

100 1912 196 1958 tunc
214 1902 390 1960 primum
413 1902 688 1957 religaverant
706 1904 722 1927 ⁸
735 1900 797 1958 ⁵).

154 1971 204 2011 In
232 1983 371 2026 pugna
401 1967 565 2010 tandem
597 1966 706 2024 apud
735 1969 956 2027 Corcyram
982 1965 1153 2010 Aloidas
1184 1982 1237 2010 ex
1264 1964 1556 2023 quinquaginta

100 2035 229 2077 tribus
246 2034 418 2077 navibus
434 2033 580 2089 viginti
595 2034 834 2092 Corcyraeis
857 2033 1045 2089 opposuit
1056 2064 1068 2086 ,
1100 2033 1169 2088 qui
1185 2033 1391 2089 perterriti
1411 2048 1554 2075 unam-

102 2115 302 2156 quamque
330 2114 476 2143 navem
505 2098 746 2141 necessariis
765 2099 1000 2146 instructam
1021 2097 1218 2139 adversus
1246 2093 1406 2139 hostem
1434 2097 1554 2140 emit-

101 2166 262 2219 tebant,
293 2163 615 2216 Atheniensibus
636 2164 787 2210 frustra
805 2162 1081 2216 hortantibus,
1112 2171 1157 2205 ut
1173 2178 1219 2205 se
1239 2161 1414 2219 primum
1439 2164 1555 2212 exire

102 2231 299 2286 sinerent,
329 2230 408 2289 ipsi
422 2231 520 2274 vero
533 2239 676 2289 postea
695 2245 787 2273 cum
806 2238 892 2273 tota
910 2228 1040 2272 classe
1056 2228 1177 2272 simul
1191 2228 1553 2285 subsequerentur3

151 2378 220 2419 84)
244 2376 473 2427 μετωπηδόν
494 2377 769 2425 interpretatur
791 2375 921 2423 poppo·
941 2376 1108 2424 proleg«.
1133 2375 1223 2411 Ι.·,.2.
1247 2388 1283 2423 p.
1303 2375 1363 2409 62.
1389 2375 1554 2411 adversis

105 2423 308 2475 frontibus,
336 2426 381 2461 al.
399 2423 562 2460 adversis
581 2423 719 2471 proris..
739 2456 742 2458 ,
767 2422 838 2458 Sed
860 2423 1032 2471 equidem
1053 2403 1095 2458 (3⁰
1114 2422 1217 2475 elleri
1247 2422 1294 2457 ad
1319 2421 1489 2474 sl'hucyd.
1509 2423 1554 2458 11.

105 2469 164 2506 90.
184 2478 210 2505 t.
229 2471 258 2507 Ι.
277 2485 314 2520 p.
335 2472 417 2506 328.
441 2470 679 2519 explicationi
702 2469 881 2505 assentire
902 2469 1023 2505 malim
1036 2494 1046 2512 ,
1073 2475 1116 2503 ut
1145 2476 1190 2503 snt
1211 2470 1348 2515 junctis·
1368 2467 1557 2506 frontibus

108 2517 228 2595 ''fe-ise
258 2519 623 2597 gescbloffcnehssronte
650 2516 816 2597 bimbnb„
844 2515 1084 2597 lextr-oppqsgtta
1115 2518 1166 2594 3131}
1197 2517 1407 2596 sulpxt‘qptlc
1434 2519 1555 2555 πλεῖν.

107 2572 326 2657 &cuppla-{zaga
338 2565 730 2647 kddpierffidtcopffr}
735 2568 1048 2661 dO.t:pteto›ii)⁷{d‘bv
1055 2635 1065 2653 ‚
1072 2586 1080 2594 ⁶
1090 2573 1128 2640 illl
1150 2573 1327 2642 :gafumr-
1335 2576 1561 2649 ordi-1¹:¹33:

162 2654 258 2689 ando
288 2658 453 2694 obversis
483 2656 522 2694 in
544 2657 684 2702 hostem
706 2662 832 2703 proris
854 2654 1082 2701 procedunt,
1108 2654 1211 2699 apud
1230 2653 1357 2693 Schol.
1388 2657 1557 2705 Thucyd.

128 2698 155 2734 Ι.
183 2699 243 2735 90.
257 2726 265 2742 ,
292 2710 356 2740 aut
377 2710 533 2752 aequata
559 2701 655 2738 serie
676 2708 783 2738 stant.

157 2746 225 2788 8³)
249 2748 418 2805 Thucyd.
445 2750 491 2786 ΙΙ.
518 2749 690 2789 85-93.
718 2755 755 2784 et
778 2747 943 2785 breviter
966 2746 1080 2786 Diod.
1108 2748 1194 2785 XII.
1220 2749 1282 2785 48.
