1848 2919
677 163 755 200 -.·‘
812 144 867 185 21
953 166 1008 175 ..-

120 247 241 290 etiam
260 245 313 288 id
323 245 478 302 cepisse
505 245 800 303 cognoscimus,
830 255 876 288 ut
899 276 930 301 „
943 246 1112 289 classem
1130 241 1559 295 Lacedaemoniam,

119 327 222 370 quae
246 312 442 355 subducta
462 322 569 356 esset
592 312 653 356 ad
666 311 917 371 Gytheum,
926 311 1028 354 clam
1051 305 1270 355 incendere
1293 308 1435 352 vellet’
1439 311 1451 330 '
1467 311 1484 334 ⁸
1497 308 1559 365 ³),

117 380 234 456 quod
261 378 520 436 consilium,
533 378 715 437 quamvis
743 387 854 421 tunc
864 378 1057 422 Aristidis
1076 378 1235 435 justitia
1263 365 1558 451 intermissum,

115 446 254 505 paucis
286 446 399 489 annis
426 455 525 504 post
542 444 749 488 Tolmidas
779 459 921 487 revera
945 454 1158 490 exsecutus
1183 454 1259 489 est.
1320 445 1425 487 Cum
1454 441 1561 484 enim

115 512 390 558 Athenienses
418 512 564 556 foedus
588 525 618 555 a
640 510 814 555 Medicis
843 512 963 556 bellis
994 529 1084 556 cum
1104 507 1311 571 Spartanis
1331 510 1484 553 ictum⁸
1498 508 1558 567 ⁴),

115 579 328 623 solvissent
344 583 360 606 ⁸
373 580 443 636 ⁵),
476 587 517 621 et
545 593 636 620 cum
655 577 824 634 Argivis
856 579 1056 635 conjuncti
1077 579 1228 635 ubique
1254 576 1429 621 feliciter
1449 576 1560 619 bella

114 655 302 704 gererent
316 646 412 702 ⁸⁶),
442 644 649 688 Tolmidas
673 643 728 687 iis
759 645 980 702 persuasit,
1016 655 1061 688 ut
1091 646 1261 687 classem
1297 644 1401 686 circa
1433 644 1557 687 Pelo-

112 727 336 770 ponnesum
350 710 577 761 emitterent
591 714 607 737 ⁸
621 709 682 767 ⁷).
714 711 795 763 Qui
816 726 906 752 cum
928 710 967 752 ei
990 711 1356 765 obtemperassent,
1385 709 1558 764 primum

114 776 353 821 Mothonem
372 791 589 833 aggressus
611 785 697 832 est,
728 776 1033 820 deindeurbem
1049 775 1277 834 Gytheum,
1307 774 1422 830 cujus
1439 789 1559 830 agros

115 843 381 899 depopulatus
402 851 463 885 est
474 873 488 897 ,
519 852 559 885 et
577 843 736 886 navalia
751 845 840 886 cum
855 842 1119 901 deprehensis
1135 842 1195 885 ibi
1220 840 1394 883 navibus
1413 855 1558 883 accen-

116 908 282 965 dit⁸⁸).
307 908 401 965 (01.
413 909 484 951 81.
510 910 550 951 l.
574 923 614 954 a.
634 908 732 953 Chr.
750 909 877 965 455.)
907 908 1106 966 Oppido’
1091 924 1181 966 ipso
1201 906 1430 950 Tohnidam
1449 907 1558 964 poti-

114 984 199 1017 tum
215 990 330 1031 esse,
360 983 498 1017 auctor
515 983 577 1016 est
590 974 816 1030 Diodorus,
847 975 921 1017 sed
940 974 1048 1032 quod
1070 974 1158 1029 ejus
1175 974 1218 1015 in
1238 987 1338 1030 pace
1358 972 1556 1028 Periclea,

115 1057 235 1099 quam
253 1040 542 1085 Athenienses
547 1049 639 1100 post
661 1041 830 1087 cladem
832 1042 945 1099 apud
966 1044 1193 1085 Coroneam
1211 1046 1416 1098 acceptam
1438 1040 1558 1097 pepi-

112 1119 261 1166 gerunt
282 1109 378 1163 (01.
395 1109 467 1151 83.
488 1109 533 1150 3.
555 1115 595 1150 a.
619 1108 717 1150 Chr.
737 1107 902 1165 445.)‘⁸
916 1109 961 1166 ⁹)
990 1109 1103 1151 nulla
1129 1106 1280 1150 mentio
1309 1107 1384 1160 fit,
1425 1122 1558 1162 neque

113 1174 205 1221 fieri
235 1174 386 1232 potuit,
423 1184 468 1217 ut
490 1173 765 1226 Athenienses
787 1175 930 1218 urbem
960 1176 1061 1218 tanti
1086 1174 1279 1218 momenti
1296 1172 1341 1217 in
1363 1172 1453 1231 ipsa
1472 1175 1557 1216 La-

111 1242 252 1286 conica
279 1241 349 1283 diu
374 1241 417 1283 in
445 1249 643 1296 potestate
663 1240 884 1293 haberent,
917 1251 958 1283 et
982 1242 1187 1298 Gytheum
1212 1252 1253 1282 et
1273 1239 1457 1280 insulam
1472 1241 1557 1295 Cy-

111 1307 250 1361 thera,
278 1322 356 1363 qua
381 1305 525 1350 eodem
545 1314 727 1362 tempore
749 1303 869 1362 potiti
888 1314 982 1348 sunt
1001 1306 1097 1363 ⁹⁰),
1128 1321 1225 1348 mox
1254 1321 1324 1349 eos
1346 1303 1559 1361 reliquisse

111 1371 322 1430 probabile
343 1380 419 1415 est.

166 1437 278 1482 Belli
297 1436 601 1511 Peloponnesii
602 1437 719 1514 annis
742 1436 944 1495 prioribus
969 1452 1060 1480 cum
1085 1447 1125 1481 et
1147 1437 1337 1496 Spartani
1361 1447 1402 1481 et
1423 1428 1558 1481 Athe-

109 1501 296 1559 nienses,
333 1504 399 1546 illi
430 1514 471 1546 te
639 1503 776 1547 mari
804 1504 848 1546 id
879 1504 1087 1546 dumtaxat
1122 1515 1315 1560 agerent,
1360 1514 1405 1548 ut
1440 1504 1558 1547 alteri

108 1571 324 1616 alterorum
346 1585 466 1625 agros
487 1566 786 1625 pervastarent,
816 1584 932 1622 orae,
963 1569 1035 1611 ubi
1051 1570 1267 1629 'Gytheum
1295 1571 1418 1614 situm
1444 1580 1554 1625 erat,

107 1635 380 1680 Athenienses
411 1651 629 1692 eorumque
659 1635 789 1678 socios
823 1635 938 1678 haud-
965 1637 1197 1693 pepercisse
1236 1638 1431 1682 credibile
1469 1648 1554 1692 est,

104 1702 200 1744 licet
220 1703 308 1757 ejus
332 1701 415 1745 loci
434 1717 630 1760 nusquam
654 1702 804 1744 diserte
827 1702 979 1744 mentio
1004 1704 1090 1746 fiat.
1138 1703 1276 1760 Magis
1300 1704 1353 1746 ad
1376 1720 1450 1747 nos
1481 1721 1556 1747 ex-

104 1767 257 1846 peditio
291 1782 340 1811 ea
377 1767 540 1822 attinet,
582 1782 710 1846 quam
724 1767 999 1830 Athenienses
1032 1769 1108 1813 sub
1135 1769 1277 1813 Niciae
1304 1769 1555 1828 aliorumque

240 1833 251 1843 '
797 1835 931 1917 ‘ian’
947 1836 1019 1879 89.-
1042 1838 1082 1880 1.
1108 1851 1147 1880 a.
1174 1836 1273 1881 Chr.
1299 1836 1427 1895 424.)
1462 1849 1555 1896 post

110 2002 114 2011 ’-
151 1992 219 2031 83)
246 1959 325 2027 Cic.
338 1990 383 2025 de
395 1990 454 2025 off.
470 1989 723 2034 111.11.cujus
743 1989 976 2036 insequentia
999 1992 1133 2026 verba:
1160 2003 1272 2039 „quo
1295 1992 1413 2028 fracto
1432 1993 1555 2040 frangi

104 2032 487 2077 Lacedaemoniorum
517 2047 604 2083 opes
639 2047 784 2070 necesse
815 2037 936 2071 esset''
966 2037 1098 2071 merito
1120 2037 1160 2072 in
1160 2017 1336 2075 'dubium
1358 2046 1552 2075 vocantur.

104 2085 201 2121 Plut.
227 2083 291 2124 vit.
316 2082 492 2127 Themist.
520 2095 551 2118 c.
578 2084 641 2119 20.
677 2089 713 2118 et
739 2082 886 2117 Aristid.
915 2094 947 2118 c.
972 2085 1030 2121 22

150 2131 214 2176 84)
240 2129 511 2169 HerodotJfl.
537 2129 616 2165 145.
655 2121 887 2177 Thucyd.11.
912 2130 968 2164 18.
993 2128 1194 2178 ὁμαιχμία.
1244 2131 1426 2178 Mueller,
1453 2132 1548 2169 Dor.

104 2178 135 2215 ¹
150 2190 217 2269 ,ἐξ
226 2178 413 2271 1Ξῖ1ἓ“3;
443 2222 471 2258 1
501 2223 582 2259 102

150 2272 215 2316 86)
239 2236 439 2324 Aeginam,
474 2269 690 2315 Boeotiam,
728 2276 879 2317 praeter
909 2254 1072 2315 Thebas,
1073 2244 1087 2248 l
1113 2271 1311 2315 Phocidem
1341 2279 1376 2307 et
1406 2272 1548 2308 Locros

106 2317 291 2366 Opuntios
314 2329 400 2353 suae
423 2310 554 2356 ditioni
575 2317 822 2362 subjecerunt.
855 2317 990 2370 Thucy
991 2317 1027 2352 d.
1051 2317 1077 2351 l.
1103 2319 1173 2351 108
1195 2325 1231 2352 et
1248 2322 1324 2351 111.
1350 2318 1464 2353 Diod.
1481 2319 1547 2354 XI.

104 2366 150 2399 83
171 2372 207 2400 et
226 2366 283 2400 78.
308 2384 356 2391 —-
379 2364 467 2400 dum
488 2364 662 2412 Spartani
682 2365 718 2399 X
738 2375 853 2399 annos
874 2363 913 2399 in
935 2330 1075 2399 Ithome
1095 2363 1293 2400 obsidenda
1312 2373 1545 2401 consumunt.

104 2412 234 2504 Thssqu
236 2411 354 2494 (1315(1.
360 2413 442 2494 11)(11.
466 2423 547 2492 {2qu
552 2465 746 2494 enumerat
765 2459 797 2494 L
811 2469 920 2495 naves
935 2463 970 2491 et
991 2456 1039 2491 lv
1059 2456 1173 2491 millia
1195 2456 1363 2502 militum,
1386 2469 1549 2506 quorum

105 2494 195 2585 tri}
201 2505 316 2541 millia
340 2505 425 2541 dolo
451 2504 739 2554 conscripsisset.

226 2553 354 2589 Diod.
380 2553 404 2588 l.
431 2563 463 2587 c.
491 2553 661 2607 Thucyd.
689 2553 712 2589 I.
747 2554 824 2588 108.
853 2560 888 2589 et
912 2553 1015 2588 Paus
1041 2551 1150 2586 1.27..
1177 2551 1212 2586 6.

84 2625 86 2627 v
97 2591 862 2691 981),ἕξῐεέῗκῖἴνωύῖειςμῃάΕὐβοίας
880 2599 1019 2635 ἅλωσιν
1038 2600 1213 2635 σπονδαί.
1239 2599 1545 2649 Thucyd.1.115.

113 2692 215 2734 90)
239 2687 407 2737 Paua-1,
426 2694 484 2726 27.
512 2692 579 2777 6*
1054 2714 1104 2770 ⁹
1257 2662 1288 2696 φ
