1848 2919
839 82 1177 126 -64-

275 181 320 226 in
353 183 478 238 urbe,
519 183 701 227 Cononis
734 181 832 226 dolo
852 186 864 209 ¹
879 186 894 209 ⁵
911 181 955 239 ⁷)
989 181 1041 224 de
1071 180 1299 233 miserrima
1330 181 1470 227 classis
1503 180 1734 226 conditione

276 244 469 294 certiores
486 248 599 304 facti,
621 264 785 294 omnem
798 261 966 307 operam
978 247 1023 304 in
1036 248 1295 299 exstruendis
1306 249 1480 302 navibus
1497 258 1732 308 posuerunt,

273 326 316 359 et
334 316 566 363 triremibus
585 315 766 373 undique
785 313 968 360 attractis
987 322 1028 357 et
1044 312 1248 370 militibus
1263 315 1460 371 cuiusque
1476 313 1639 373 generis
1654 314 1733 359 im-

272 381 439 440 positis,
470 382 603 425 classe
626 391 788 427 centum
810 392 852 426 et
871 378 1165 439 quinquaginta
1187 378 1482 438 navium'apud
1505 381 1733 440 Arginusas

271 464 457 507 pugnam,
473 458 739 506 praeparant,
771 443 923 505 quibus
938 445 1246 501 Callicratidas,
1277 446 1478 489 Eteonico
1500 463 1591 491 cum
1613 447 1732 505 quin-

273 513 469 572 quaginta
501 513 678 571 navigiis
711 514 765 557 ad
801 512 1073 569 obsidendum
1102 513 1315 567 Cononem
1347 511 1515 570 relicto,
1562 513 1733 561 classem

273 570 436 624 centum
458 589 499 623 et
517 579 667 636 viginti
688 579 899 638 nitentum
914 578 1118 638 opposuit.
1138 577 1733 637 ‘Callicratidasrfortiterpug-

209 639 219 645 '⁴
273 662 377 693 nans
399 645 503 689 obiit
527 644 575 707 in
602 644 763 704 proelio
785 655 827 689 et
847 644 1128 693 Athenienses
1150 643 1586 700 victoresexstiterunt
1611 650 1651 674 ¹⁵
1664 647 1730 703 ⁸).

272 710 385 770 (406
400 727 441 756 a.
460 708 561 756 Chr.
582 712 654 756 01.
666 712 740 766 93.
756 713 828 771 3.)
856 711 1078 757 Eteonicus
1100 721 1239 757 tamen
1257 712 1405 759 callide
1427 713 1598 759 classem
1616 727 1732 757 suam

272 780 318 824 in
335 779 484 834 Chium
499 789 586 823 tuto
606 770 787 835 traduxit
807 785 818 806 ¹
834 784 849 807 ⁸
860 780 925 838 ⁹).

328 842 576 903 Insequente
592 861 691 889 vere
702 844 918 904 Lysander
929 848 1177 890 Graecorum
1195 847 1239 889 in
1250 847 1354 898 Asia
1373 861 1573 890 consensu
1581 846 1731 889 iterum
1777 894 1781 898 ,

274 913 427 981 accitus
453 918 466 939 ¹
480 913 555 969 ⁶⁰)
590 913 787 967 classem,
835 927 955 970 quam
988 913 1200 971 Ephesum
1236 910 1417 970 undique
1455 912 1729 968 conduxerat,

274 967 538 1038 pecuniarum
550 979 682 1038 copia,
704 994 784 1036 qua
795 980 929 1038 Cyrus
937 979 989 1023 ad
1004 989 1163 1038 patrem
1171 977 1313 1030 abiens
1324 995 1420 1027 ,eum
1431 979 1598 1023 donavit
1612 985 1622 1005 ¹
1638 982 1656 1006 ⁶
1669 986 1680 1006 ¹
1689 980 1729 1035 ),

274 1061 523 1102 magnopere
543 1045 672 1088 auxit.
718 1044 884 1092 Deinde
910 1045 953 1086 in
974 1045 1514 1105 Hellespontumprofectus
1529 1048 1730 1104 Lampsa-

275 1110 367 1155 cum
384 1110 428 1155 vi
449 1110 583 1170 cepit,
612 1110 753 1169 ibique
771 1111 943 1162 classem
965 1112 1116 1167 tenuit,
1148 1112 1246 1171 dum
1261 1113 1539 1158 Athenienses
1562 1117 1731 1158 Conone

273 1179 447 1235 aliisque
479 1178 652 1221 ducibus
678 1177 723 1221 in
752 1179 938 1237 opposita
969 1194 1039 1223 ora
1068 1179 1178 1237 apud
1205 1175 1534 1238 Aegospotamos
1565 1180 1731 1231 navium

274 1244 439 1288 ordine‘s
448 1244 677 1288 instituunt.
707 1244 788 1288 Hic
802 1260 893 1288 cum
907 1244 1185 1289 Athenienses
1198 1262 1273 1305 per
1289 1257 1460 1304 quatuor
1472 1248 1565 1305 ¹dies
1581 1249 1730 1292 frustra

274 1323 457 1369 pugnam
504 1320 810 1368 exspectassent
852 1320 893 1353 et
932 1312 1192 1371 Lysandrum
1227 1303 1529 1358 contemnentes
1567 1330 1730 1372 quoque

272 1392 448 1436 vespere
463 1378 605 1435 procul
620 1393 696 1435 per
715 1386 864 1420 terram
885 1377 938 1420 ad
963 1387 1209 1422 commeatus
1229 1395 1275 1422 se
1290 1379 1549 1438 dissiparent,
1571 1382 1731 1436 jactura

273 1444 399 1487 totius
419 1444 559 1487 classis
577 1444 743 1486 tandem
766 1444 876 1487 bello
901 1442 1058 1487 diutino
1082 1444 1205 1488 finem
1227 1444 1325 1489 fecit
1337 1461 1393 1490 ·ac
1414 1446 1624 1504 Spartanis
1642 1445 1729 1489 vic-

272 1511 429 1555 toribus
452 1510 667 1567 imperium
696 1519 739 1553 et
757 1519 865 1553 terra
887 1517 929 1552 et
948 1509 1052 1553 mari
1071 1509 1251 1553 reddidit
1272 1516 1285 1538 ¹
1299 1514 1390 1570 ⁸²).
1421 1512 1486 1567 (a.
1507 1513 1608 1557 Chr.
1626 1513 1729 1557 405.

273 1580 381 1623 Nov.
408 1577 479 1621 ol.
502 1577 574 1620 93.
597 1576 670 1633 4.)
844 1618 846 1620 .

328 1643 463 1687 Finito
485 1641 599 1685 bello
621 1642 968 1701 Peloponnesiaco
990 1643 1182 1702 Spartani
1213 1637 1577 1703 ὁμολογουμένην
1602 1640 1731 1700 ἔσχον

271 1710 353 1772 τὴν
368 1707 610 1770 ἡγεμονίαν
626 1709 706 1755 καὶ
719 1709 799 1769 τὴν
816 1708 933 1754 κατὰ
948 1707 1039 1769 γῆν,
1059 1708 1138 1755 καὶ
1151 1708 1232 1769 τὴν
1246 1708 1362 1756 κατὰ
1375 1708 1613 1756 θάλατταν
1630 1716 1673 1753 ¹.⁶
1685 1713 1731 1770 ⁸)

322 1837 412 1880 157)
438 1839 537 1874 Xen.
563 1838 707 1874 Hellen.
734 1836 763 1875 1,
788 1837 823 1872 6.
853 1836 909 1873 19.
937 1848 1017 1884 sqq.

326 1885 417 1926 158)
444 1886 541 1924 Xen.
565 1885 709 1920 Hellen.
737 1882 768 1926 Ι,
793 1884 828 1918 6.
853 1884 913 1918 28.
939 1880 1021 1930 sqq.
1058 1883 1173 1920 Diod.
1199 1881 1302 1919 XIlI.
1329 1882 1389 1918 97.
1416 1894 1458 1932 sq
1486 1909 1495 1918 .

324 1932 413 1983 159)
439 1932 538 1967 Xen.
564 1931 707 1985 llellen.
734 1929 763 1965 I.
789 1930 823 1965 6.
849 1932 908 1965 37.
935 1941 1017 1977 sqq.
1051 1930 1137 1967 Non
1166 1936 1293 1987 tamen
1320 1940 1459 1979 navarc
1486 1940 1531 1965 us
1564 1928 1637 1965 fuit
1670 1930 1731 1966 sed

276 1977 700 2068 ‘pffigieifenvfffiffi
726 2021 772 2057 Π.
800 2024 832 2057 1.
859 2022 893 2057 6.
909 2034 1002 2079 ³⁸OE-
1567 2008 1569 2011 ’

321 2071 407 2115 161)
432 2071 530 2106 Xen.
555 2071 698 2107 Hellen.
724 2068 769 2104 11.
798 2075 831 2105 1.
859 2070 918 2107 13.
944 2074 1024 2128 sqq.
1072 2071 1272 2121 παρέδειξε
1302 2067 1443 2129 δἀὐττρ
1472 2068 1619 2109 πάντας
1649 2068 1734 2110 τοὺς

271 2116 421 2167 φόρους
435 2117 522 2157 τοὺς
537 2119 578 2155 ἐκ
596 2120 672 2171 τῶν
687 2114 858 2162 πόλεων,
885 2114 927 2152 οἷ
937 2120 1039 2163 αυτῷ
1056 2119 1150 2154 ἴδιοι
1169 2113 1279 2164 ἦσαν,
1295 2120 1367 2171 ’καὶ
1393 2130 1439 2152 τα
1458 2115 1613 2166 περιττὰ
1631 2130 1661 2163 χ
1688 2114 1732 2163 ’ή-

253 2163 672 2256 ,ἕιῖζξρὲὃίὸἒῖἰεῑῗὲὲἓ
689 2162 1031 2260 Ξῗᾞιὲοζῗὲὲεῖὶὲἓ,
1042 2164 1730 2259 ξζῖῑέὼᾝέἒιίἇζᾞῗοὲἆζῖἶὲ..’Ὅ

325 2260 413 2300 162)
441 2258 541 2293 Xen.
562 2258 704 2293 Hellen.
722 2257 767 2291 11.
797 2262 827 2291 ¹.
848 2259 906 2291 22.
925 2269 1003 2305 sqq.
1040 2257 1153 2293 Diod.
1175 2257 1278 2293 XIlI.
1302 2257 1383 2292 105.
1405 2269 1485 2305 sqq.
1528 2257 1624 2291 Plut.
1650 2257 1731 2303 Ly-

273 2305 378 2343 sand.
399 2305 423 2340 9
438 2307 553 2340 —-·11.
581 2304 716 2339 Conon
733 2303 833 2340 solus
852 2315 986 2339 novem
1004 2303 1162 2351 navibus
1182 2304 1231 2340 ad
1242 2305 1452 2352 Evagoram
1466 2301 1584 2351 Cypri
1602 2313 1730 2350 regem

274 2359 439 2388 servatus
464 2358 529 2387 est.
557 2349 820 2394 Conditiones,
848 2349 983 2397 quibus
1009 2351 1248 2387 Athenienses
1275 2351 1423 2387 tandem
1447 2361 1578 2398 pacem
1603 2349 1731 2395 impe-

273 2406 425 2435 trarunt
449 2404 578 2433 erant:
615 2404 657 2432 ut
679 2396 794 2443 longa
820 2395 968 2431 moenia
993 2404 1029 2432 et
1055 2398 1227 2433 Piraeum
1249 2390 1422 2442 diruant,
1460 2406 1587 2430 omnes
1617 2407 1729 2431 naves

272 2452 426 2493 praeter
444 2443 643 2480 duodecim
662 2443 823 2489 tradant,
850 2443 974 2478 exules
992 2450 1181 2488 revocent,
1208 2455 1252 2479 ex
1265 2444 1438 2480 omnihus
1453 2440 1599 2490 oppidis
1612 2454 1729 2490 prae-

276 2491 367 2527 sidia
386 2492 560 2536 educant,
583 2489 754 2526 eumdem
776 2491 919 2526 hostem
939 2488 981 2527 R
1000 2491 1163 2527 amicum
1184 2490 1345 2527 habeant
1363 2498 1399 2527 et
1412 2488 1729 2526 Lacedaemonios

275 2545 313 2574 et
333 2545 437 2573 terra
460 2546 495 2573 et
515 2537 611 2573 mari
634 2543 850 2585 sequantur.
886 2538 984 2573 Xen.
1004 2539 1144 2574 Hellen.
1164 2537 1209 2573 Il.
1231 2540 1266 2573 2.
1288 2538 1345 2574 19.
1379 2535 1493 2572 Diod.
1519 2534 1618 2572 xm.
1646 2539 1726 2572 107.

273 2584 681 2674 ’Ἲὲὲῆῧὶοῖῧὲῗῑα
708 2630 756 2664 1⁰
779 2636 817 2665 02
843 2632 898 2665 ω.
1143 2612 1145 2615 ’
