1848 2919
0 2325 7 2548 f

696 200 1037 244 -67—

63 281 68 285 .
131 301 386 357 lumensi-e
399 300 579 346 sinerent
596 302 718 360 ¹¹³⁰),
749 312 994 361 quapropter
1012 302 1056 346 hi
1072 300 1267 347 Ecdicum
1292 308 1385 345 octo
1408 284 1596 345 navibus

136 380 176 413 et
201 367 370 424 deinde,
400 384 492 412 cum
520 369 587 412 hic
613 368 719 426 nihil
742 370 977 427 perficeret,
1006 369 1260 424 Teleutiam,
1290 367 1439 412 sortem
1459 368 1580 423 Age-

75 484 82 490 »
132 434 225 479 silai
239 435 405 480 fratrem
420 443 432 464 ¹
446 440 462 463 ³
477 435 539 494 ¹),
564 450 614 478 eo
622 434 808 493 mitam,
826 435 1027 494 simulque
1044 451 1118 495 per
1127 435 1372 494 Diphridam
1387 433 1580 479 Strutlm

134 504 298 546 conatus
319 504 543 563 reprimunt
565 504 980 559 atque‘Athenienses
1008 503 1118 566 vires
1149 502 1373 547 distrahere
1404 496 1578 559 cogunt,

132 570 360 627 Aeginetas
400 569 641 627 adjuvantes
666 574 678 596 ¹
691 572 766 630 ⁸²)
815 581 857 615 et
891 570 1143 615 Anaxibium
1182 569 1225 613 in
1265 570 1579 627 Hellespontum

131 635 371 680 mittentes'¹
384 637 475 694 ⁸³).
506 639 611 680 ‘rum
625 639 1018 682 'Teleutiae'fortuna
1042 647 1085 680 et
1107 637 1294 680 alacritas
1323 637 1432 694 apud
1458 635 1576 680 Rho-

131 703 227 746 dum
246 707 288 731 ¹⁸
301 703 346 761 ⁴)
365 711 407 763 et
422 702 627 760 Aeginam
640 706 661 730 '¹
676 708 692 730 ³
705 705 767 761 5),
790 703 1129 748 tumAntalcidae
1141 702 1220 745 iter
1237 703 1458 759 adRegem
1473 708 1486 730 ¹
1498 702 1575 759 ⁸⁸)

131 772 420 827 Spartanorum
441 785 509 812 res
530 769 652 813 valde
675 767 896 828 promovit,
925 770 984 812 ita
1003 778 1072 823 ut,
1102 783 1195 810 cum
1216 768 1283 822 hic
1304 768 1436 821 redux
1453 767 1575 811 undi-

129 849 209 892 que·
234 835 430 891 adjutus¹
444 839 460 863 ⁸
473 837 520 894 ⁷)
553 836 750 892 classem,
789 851 895 894 quae
929 842 1141 879 numerum
1173 833 1379 892 octoginta
1412 832 1587 877 navium

128 901 364 960 superabat,
393 902 502 961 apud
515 903 713 964 Abydum
728 904 962 962 collegisset
967 933 982 958 ,
1013 904 1152 945 omnes
1177 900 1374 963 Graeciae
1390 900 1576 945 civitates

127 983 269 1027 pacem
298 968 547 1029 acciperent,
592 972 717 1029 cujus„
736 970 987 1015 conditiones
1014 971 1106 1012 Rex
1135 984 1210 1026 per
1237 968 1393 1025 litteras
1421 967 1574 1017 consti-

127 1040 276 1079 tuerat*
290 1037 307 1062 ⁸
319 1037 382 1093 ⁸).
417 1028 487 1080 Sic
494 1029 1012 1094 Spartaniiterumvictores
1025 1034 1202 1089 fuerunt,
1219 1030 1478 1092 προστάται
1487 1050 1573 1093 γαρ

126 1097 357 1157 γενόμενοι
371 1103 451 1158 τῆς
467 1098 558 1145 ὑπὸ
580 1099 804 1156 βασιλέως
827 1098 1239 1161 καταπεμφθείσης
1259 1096 1438 1159 εἰρήνης
1454 1105 1464 1127 ¹
1479 1104 1495 1128 ⁸
1507 1102 1570 1158 ⁹).

182 1169 297 1209 Haec
318 1174 453 1209 tamen
477 1169 764 1226 Spartanorum
782 1167 964 1226 potentia
983 1172 996 1195 ¹
1010 1168 1084 1226 ⁹⁰)
1101 1167 1172 1211 vix
1196 1167 1337 1210 decem
1352 1182 1427 1225 per
1444 1168 1573 1211 annos

127 1232 337 1275 incolumis
357 1234 635 1291 permanebat.
680 1231 805 1278 Bella
825 1250 920 1278 cum.
934 1234 1141 1279 Thebanis
1164 1244 1377 1278 terrestres
1395 1233 1506 1277 vires
1527 1233 1576 1276 in

173 1353 265 1403 180)
289 1379 315 1399 ‚‚
325 1353 437 1389 Diod.
455 1353 550 1390 XIV.
570 1354 630 1390 79.
664 1355 741 1391 Sub
763 1355 822 1393 ol.
842 1355 902 1390 96.
928 1355 960 1390 1.
988 1366 1075 1391 cum
1095 1353 1280 1401 Agesilaus
1298 1353 1339 1388 in
1359 1353 1445 1397 Μαι
1465 1360 1572 1399 esset,

127 1398 292 1435 Rhodios
313 1411 350 1434 se
370 1400 516 1436 Cononi
540 1401 746 1447 adjunxisse
767 1408 896 1437 narrat
906 1419 926 1448 ,-
945 1404 1060 1447 ejecto
1071 1399 1452 1436 Lacedaemoniorum
1468 1412 1574 1449 prae·

126 1446 239 1491 sidio,
275 1453 311 1482 et
338 1453 380 1482 ut
411 1446 579 1494 videtur,
615 1449 741 1494 ejectis
774 1448 881 1484 simul
898 1448 1054 1485 *civibus
1081 1446 1466 1488 Lacedaemoniorum
1500 1454 1573 1483 stu-

127 1493 251 1529 diosis.
276 1493 424 1530 Deinde
445 1506 478 1530 c.
500 1495 561 1530 97.
583 1496 650 1532 suh
673 1494 732 1531 Ol.
745 1495 802 1532 97.
823 1498 858 1531 2.
885 1494 1266 1542 Lacedaemoniorum
1282 1494 1464 1530 studiosos
1474 1494 1571 1535 Rho-

127 1540 207 1575 dios
240 1547 371 1575 narrat
403 1540 550 1587 ejecisse
582 1553 665 1586 eos,
700 1541 764 1589 qui
794 1553 878 1578 cum
907 1540 1189 1577 Atheniensibus
1215 1540 1406 1585 facerent,
1432 1552 1571 1589 eosque

125 1586 224 1623 facto
245 1587 391 1634 praelio
412 1587 561 1622 vicisse:
592 1593 719 1634 postea
737 1587 1016 1623 Lacedaemona
1034 1585 1174 1622 misisse
1191 1586 1332 1634 legatos
1345 1613 1356 1630 ,
1382 1586 1568 1634 quiau'xi-

127 1634 219 1668 lium
245 1645 268 1668 a
295 1632 600 1668 Lacedaemoniis
628 1635 828 1680 peterent''
851 1641 922 1671 cet.
956 1632 1131 1670 Schneid.
1156 1633 1203 1669 ad
1224 1637 1322 1670 Xeu.
1342 1634 1487 1669 Hellen.
1505 1633 1567 1670 IV.

124 1681 159 1714 8.
171 1680 229 1713 20.
242 1691 279 1726 p.
292 1679 375 1713 244.
387 1679 460 1713 Pro
472 1678 650 1714 Ecdicum
660 1680 772 1715 habet
780 1680 892 1716 Diod.
905 1680 1004 1716 XIV.
1014 1681 1073 1714 97.
1090 1679 1348 1726 Eudocimum,
1359 1679 1405 1716 ef·
1415 1681 1568 1716 Wessel.

173 1725 261 1766 181)
287 1726 373 1761 Xen
409 1725 549 1760 Hellen.
576 1725 637 1761 lv.
663 1726 699 1763 4.
727 1726 784 1762 19.
811 1734 848 1762 et
871 1728 912 1762 V.
936 1729 973 1763 2.
989 1728 1054 1761 ¹37.

175 1773 263 1811 182.)
288 1772 387 1807 Xen.
407 1772 548 1808 Hellen.
569 1773 611 1808 V.
634 1776 666 1807 1.
687 1775 722 1808 1.
747 1771 932 1815 ξυνδόξαν
955 1776 1020 1810 καὶ
1039 1776 1117 1813 τοῖς
1137 1770 1314 1821 ἑφόροις,·
1335 1774 1355 1810 ἔ
1388 1775 1465 1818 ίησί
1485 1773 1569 1819 ληΐ-

125 1821 255 1861 ζεσθαι
274 1817 339 1854 τὸν
362 1816 596 1866 βουλόμενον
612 1821 653 1856 ἐκ
676 1822 738 1865 τῆς
754 1820 926 1866 Ἀττικῆς.
952 1840 995 1846 —-
1021 1820 1166 1855 Primus
1188 1819 1242 1855 ibi
1266 1819 1336 1856 fuit
1386 1817 1567 1866 teonicus‘,

124 1865 257 1902 deinde
270 1864 399 1912 Gorgo
427 1873 465 1901 as
484 1865 555 1906 (ib.
575 1867 603 1911 §.
622 1866 678 1907 5.)
704 1878 778 1915 quo
801 1868 926 1904 occiso
951 1866 1020 1908 (ib.
1039 1868 1067 1913 ᾗ.
1088 1869 1165 1908 12.)
1186 1865 1371 1903 Teleutias
1391 1879 1436 1903 eo
1453 1868 1567 1911 venit.

173 1914 257 1957 183)
283 1913 380 1948 Xen.
433 1913 541 1951 ellen.
562 1912 623 1949 IV.
644 1913 678 1949 8.
701 1916 760 1948 31.
786 1925 863 1969 sqq.
896 1914 1094 1950 Anaxibius
1114 1915 1237 1950 tamen'
1258 1920 1374 1950 noctu
1393 1915 1440 1951 ab
1460 1913 1570 1963 Iphi-

125 1958 483 2043 ssfxssifffissiffisssffiss
502 1959 925 2044 ffissssemifflssfflhssbss
943 1960 1219 2044 3¹³⁵'1'i'fflbydirm
1231 1960 1570 2047 1⁶⁸{;”‘¹⁰t5¹21†‘¹¹·‘31‘

152 2020 161 2041 ι
780 2020 1366 2045 .c..e.een....e
1470 2021 1567 2046 uei.

126 2053 170 2089 ad
198 2053 259 2089 lv.
286 2054 320 2088 8.
345 2054 404 2088 38.

174 2100 260 2145 184)
284 2099 507 2138 Philocratis
528 2100 756 2138 Atheniensis
778 2101 892 2138 classe
913 2102 952 2136 X
970 2100 1123 2136 navium
1137 2126 1148 2145 ,
1174 2112 1265 2148 quas
1274 2102 1467 2149 Evagorae
1481 2112 1568 2137 cum

124 2147 318 2183 Persarum
347 2158 435 2195 rege
459 2147 610 2186 bellanti
637 2148 863 2185 adducturus
893 2153 987 2191 eset,
1012 2146 1153 2194 potitus
1175 2153 1242 2185 est.
1290 2147 1564 2196 Thrasybulus,

126 2194 189 2242 qui
222 2200 352 2230 contra
385 2206 469 2230 eum
500 2195 614 2230 classe
642 2194 711 2230 XL
733 2194 886 2230 navium
907 2193 1099 2241 profectus
1119 2200 1220 2238 erat,
1257 2193 1388 2240 paullo
1407 2200 1491 2242 post
1515 2194 1564 2231 ab

123 2240 566 2325 ssspeindggizvingegficitur
591 2241 632 2278 in
659 2246 846 2278 nocturno
871 2240 1033 2288 proelio.
1071 2241 1169 2277 Xen.
1192 2242 1336 2277 Hellen.
1355 2239 1415 2277 IV.
1441 2242 1477 2277 8.
1504 2243 1565 2278 30.

163 2299 200 2323 ιο
351 2313 362 2323 .
438 2313 448 2323 .
495 2306 499 2310 ·

126 2347 128 2350 ’
173 2314 260 2380 183)
284 2334 411 2371 Audax
442 2336 521 2380 ejus
552 2341 589 2371 et
620 2336 741 2372 fausta
766 2334 950 2383 expeditio
976 2339 1109 2371 contra
1136 2334 1315 2370 Piraeum
1336 2335 1566 2383 negligenter

125 2380 359 2417 custoditum.
387 2383 486 2418 Xeu.
511 2382 652 2420 Hellen.
678 2383 720 2418 V.
745 2383 780 2418 4.
810 2382 866 2418 13.
891 2394 972 2432 sqq.
1236 2406 1241 2415 ι

174 2427 262 2469 186)
287 2431 386 2466 Xen.
413 2429 553 2466 Hellen.
578 2431 620 2467 V.
649 2432 682 2465 1.
707 2429 731 2465 6
754 2435 791 2466 et
815 2430 874 2465 25.

174 2473 264 2515 187)
289 2477 387 2512 Xen.
411 2476 615 2533 Hellengff.
636 2477 668 2512 1.
691 2477 750 2512 28.
781 2476 893 2514 Ἐπεὶ
913 2476 956 2514 δὲ
982 2471 1102 2523 ἦλθον
1129 2474 1229 2513 αἰτῶ
1256 2477 1299 2511 αἵ
1317 2487 1355 2511 τε
1374 2476 1416 2513 ἐκ
1434 2480 1567 2525 Συρα-

125 2522 274 2557 κουσῶν
297 2525 382 2569 νῆες
410 2527 564 2570 εἴκοσιν,
592 2519 712 2570 ἦλθον
730 2524 773 2562 δὲ
790 2527 856 2561 καὶ
879 2527 920 2560 αἱ
937 2522 1013 2561 ἀπὸ
1033 2524 1186 2568 Ἰωνίας,
1214 2521 1303 2570 ὅσης
1319 2523 1503 2572 ἐγκρατὴς
1517 2520 1570 2573 -ἧν

129 2567 876 2658 ⁷335&ae‘32321'J0ssffl'ff2'0‘552ffi
884 2570 1067 2656 ζ”.ἔῖἰηῗ
1099 2568 1334 2653 &335ssssss
1351 2586 1391 2655 κἰ
1405 2587 1436 2656 ‘i
1456 2575 1490 2668 ξ
1507 2620 1551 2655 41

174 2660 261 2706 189)
287 2662 385 2699 xen.
411 2666 555 2703 neuen.
582 2666 625 2702 v.
654 2669 685 2702 1.
711 2666 770 2702 36.
897 2633 919 2668 Ρ
1344 2644 1354 2665 ’

174 2709 260 2751 190)
286 2708 386 2744 Xen.
403 2712 434 2745 H
458 2713 543 2748 llen.
566 2714 608 2748 V.
629 2714 663 2748 5.
686 2715 745 2750 27.
782 2713 895 2749 Diod.
917 2712 998 2747 XV.
1022 2711 1081 2745 23.
1119 2711 1313 2750 Demosth.
1333 2713 1379 2749 de
1400 2713 1477 2749 fals.
1497 2715 1568 2761 leg.

124 2768 162 2804 p·
176 2755 260 2793 425.
282 2757 342 2793 21.
361 2754 437 2792 Ἴστ
471 2759 545 2806 γὰρ
564 2758 688 2806 δήπου
706 2761 807 2799 πῖθ’
828 2759 884 2797 ὅτι
904 2761 972 2806 γῆς
990 2761 1055 2794 καὶ
1072 2756 1259 2805 θαλάττης
1277 2755 1393 2809 ἦρχον
1414 2761 1464 2802 ὡς
1481 2763 1570 2800 ἔπος

1182 2819 1254 2868 5*
