1848 2919
691 203 742 212 ..-
829 176 883 219 19
965 202 1020 209 .-

132 245 237 322 tanis
265 277 398 321 fuerat
418 277 643 335 juventutis
664 279 717 324 ad
740 278 1017 337 generandam
1043 279 1231 323 sobolem
1257 277 1419 322 domum
1439 276 1579 320 remit-

133 344 280 388 tendae
291 376 305 400 ‚
334 354 380 388 ut
394 343 511 389 sicuti
531 346 684 390 dudum
701 356 859 404 patrem
878 345 966 402 ejus
979 345 1171 390 nascendi
1186 354 1392 389 auctorem
1412 345 1578 388 habuis-

60 434 64 438 ·
133 421 247 466 sent,
277 412 337 455 sic
357 411 495 470 ipsum
514 413 604 476 spei
629 428 677 456 ac
701 413 1026 471 dignitatis-suae
1047 413 1276 455 haberent”
1299 417 1314 438 ⁷
1330 413 1391 469 ¹).
1446 415 1580 454 Heres

133 478 246 522 urbis
277 488 362 524 erat
391 482 542 536 Taras,
579 480 757 538 Neptuni
785 479 914 535 filius,
945 495 1025 536 quo
1050 480 1277 523 Muellerus
1297 479 1394 536 ⁷²),
1426 479 1577 535 cultum

133 545 319 589 Taenarii
350 546 529 605 Neptuni
563 546 684 590 etiam
710 546 754 589 in
782 543 981 590 coloniam
1004 545 1235 600 transiisse,
1267 543 1440 604 exprimi
1469 553 1579 587 recte

133 621 261 669 putat.
322 612 630 656 Tarentinorum
666 612 896 655 continuum
936 621 1201 655 commeatum
1233 628 1324 655 cum
1355 612 1579 656 Taenariae

133 678 311 734 regionis
338 678 482 721 incolis
511 679 680 736 pulchra
707 679 780 721 illa
805 679 857 720 de
874 677 1041 720 Arionis
1061 677 1322 732 navigatione
1343 679 1484 722 fabula
1510 677 1576 720 in-

134 744 268 786 dicare
290 742 451 785 videtur
469 749 485 770 ⁷
499 745 559 800 3).

188 808 897 865 Quoniamigiuu·Doriensis,isque
920 823 973 851 ex
991 807 1277 865 splendissima
1294 808 1421 866 stirpe
1436 808 1578 855 oriun-

133 874 209 917 dus
232 874 317 917 dux
337 875 416 917 fuit
436 874 641 929 coloniae,
674 890 776 931 quae
805 889 966 932 semper
1001 884 1041 917 et
1068 874 1231 930 legibus
1252 883 1294 916 et
1314 874 1509 917 institutis
1540 884 1580 917 et

133 940 305 984 dialecto
319 941 578 984 Doriensium
592 942 780 999 utebatur
795 946 809 967 ⁷
823 941 869 998 ⁴)
884 949 926 982 et
937 950 1063 983 totam
1076 955 1150 997 per
1163 940 1442 996 antiquitatem
1452 943 1579 998 Spar-

132 1016 214 1050 tam
241 1016 285 1049 ut
308 1008 502 1062 majorem
530 1005 701 1063 patriam
724 1002 1055 1064 (μητρόπυλίν)
1083 1005 1152 1063 pie
1183 1006 1341 1049 colebat
1355 1012 1370 1033 ⁷
1383 1007 1450 1063 ³),
1480 1006 1579 1049 satis

131 1071 279 1128 liquet,
308 1073 412 1116 hanc
434 1072 631 1116 coloniam
661 1072 806 1115 eodem
835 1072 923 1115 fere
953 1072 1074 1115 modo
1100 1088 1178 1129 quo
1200 1072 1314 1115 illam
1337 1071 1379 1114 in
1403 1072 1580 1115 Theram

132 1137 303 1181 insulam
332 1154 384 1180 ex
408 1138 631 1181 commixtis
654 1138 926 1194 Peloponnesi
954 1138 1097 1182 incolis
1125 1140 1376 1193 constitisse,
1408 1155 1577 1195 quorum

132 1203 307 1246 maxima
339 1218 432 1261 pars
462 1203 523 1245 illi
553 1203 679 1260 spurii
709 1203 967 1246 Achaeorum
996 1220 1086 1247 cum
1112 1204 1376 1248 Doriensium
1413 1200 1578 1248 feminis

132 1269 330 1326 procreati
352 1269 472 1312 liberi
496 1269 668 1322 fuerim,
697 1268 846 1324 quibus
868 1269 1058 1325 Spartani
1077 1269 1187 1313 cives
1206 1271 1427 1326 quosdam,
1456 1270 1579 1314 totius

134 1334 411 1392 expeditionis
434 1335 641 1389 ductores,
671 1333 928 1377 addiderunt.
993 1345 995 1347 ’

134 1474 183 1521 2.
217 1472 439 1522 Historia
462 1472 604 1520 urbis
625 1472 817 1535 Gythei
842 1490 873 1520 a
895 1473 1221 1521 Doriensium
1245 1478 1578 1541 occupatione

460 1565 622 1612 usque
652 1550 717 1596 ad
746 1549 962 1615 Augusti
989 1556 1241 1614 tempora.

187 1635 290 1676 Cum
309 1634 529 1676 Dorienses
553 1634 679 1678 muita
697 1643 789 1693 post
809 1635 1026 1691 certamina
1041 1641 1055 1662 ⁷
1068 1637 1115 1694 ὅ)
1140 1648 1225 1681 tota
1245 1641 1447 1684 Laconica
1461 1642 1579 1700 potiti

68 1755 76 1764 .
131 1709 282 1755 essent,
303 1700 508 1743 veteribus
527 1700 670 1744 incolis
691 1711 760 1744 aut
779 1701 933 1745 abactis
953 1713 1024 1746 aut
1041 1705 1252 1761 subjectis,
1266 1696 1384 1761 eam,
1412 1707 1578 1766 Ephoro

72 1761 90 1777 '⁵'
121 1761 291 1808 ‘auctore
305 1771 319 1792 ⁷
332 1765 393 1822 ⁷),
424 1766 467 1808 in
487 1782 562 1809 sex
580 1776 716 1824 partes
738 1767 982 1824 diviserunt,
1013 1786 1180 1827 quarum
1200 1771 1370 1829 singulis
1392 1768 1578 1831 reges—

131 1835 208 1888 βα
270 1830 370 1884 έας,
414 1834 656 1890 Ἑίεεέὅηίςε
687 1861 740 1867 -
773 1846 1107 1901 pffieposuerunt.
1165 1841 1351 1895 Spartam
1376 1840 1455 1883 sibi
1479 1840 1578 1898 ipsis

129 1914 149 1941 s
264 1914 333 1953 re,
371 1899 566 1957 Amyclas
589 1899 828 1943 Philonomo
856 1901 1077 1954 donarunt,
1117 1913 1340 1947 ceterarum
1375 1921 1473 1949 vero
1507 1923 1578 1949 ur·-

176 2020 241 2063 71)
266 2016 402 2053 Justin.
430 2015 491 2051 Ill.
516 2017 551 2051 4.
601 2018 650 2053 cf.
675 2018 852 2065 Mueller,
877 2021 974 2059 Dor.
1001 2024 1028 2059 I.
1053 2036 1091 2070 p.
1121 2025 1202 2059 125.
1228 2026 1262 2059 5.

177 2066 242 2103 72)
273 2063 446 2107 Mueller,
473 2063 569 2098 Dor.
597 2064 623 2099 l.
650 2078 687 2111 p.
719 2066 797 2100 ¹26.
824 2072 860 2101 et
884 2067 918 2100 ΙΙ
953 2082 989 2115 p.
1017 2071 1099 2104 369.
1124 2072 1160 2104 3.

176 2108 444 2191 7339ngodot.
476 2107 504 2144 Ι.
537 2111 596 2145 23.
627 2122 706 2159 sqq.
738 2111 865 2160 ibique
885 2113 1093 2164 Schweigh.
1110 2135 1114 2138 ·
1131 2116 1179 2152 cf.
1198 2117 1380 2181 Rgueller',
1406 2119 1501 2155 Dor.
1525 2120 1572 2156 11.

129 2169 155 2205 P
177 2203 245 2256 74)
269 2203 417 2249 Heyne,
444 2203 469 2236 l.
491 2204 515 2238 l.
537 2216 574 2251 p.
593 2206 676 2240 221.
714 2205 894 2252 Mueller,
920 2207 1015 2243 Dor.
1034 2207 1078 2243 Π.
1096 2222 1135 2256 p.
1159 2210 1239 2244 176.
1262 2216 1298 2245 et
1314 2211 1463 2258 passim.
1498 2213 1574 2249 Ma-

132 2250 240 2285 zochl
265 2262 302 2296 p.
329 2251 388 2283 97.
414 2256 491 2284 not.
518 2251 578 2286 52.
1318 2287 1320 2290 .

176 2298 244 2338 75)
273 2295 319 2331 cf.
342 2295 430 2331 Plat.
451 2296 495 2332 de
514 2298 608 2346 legg.
630 2298 657 2336 l.
681 2312 719 2347 p.
729 2299 855 2335 637.Β
888 2306 922 2335 et
934 2300 1107 2347 Mueller,
1132 2302 1227 2338 Dor.
1238 2303 1265 2338 1.
1283 2317 1322 2351 p.
1340 2305 1417 2341 125.
1443 2307 1573 2351 „Qccb

132 2344 220 2381 buch
239 2344 388 2388 Soron,
414 2345 464 2380 bei
490 2349 571 2382 auct
593 2347 789 2393 &ntartung
802 2374 813 2393 ,
840 2349 896 2390 bet
917 2349 1147 2393 ‘muttersmbt
1168 2349 1364 2396 unbdnglid)
1386 2372 1432 2378 —
1460 2372 1500 2378 -
1527 2373 1573 2379 -

132 2392 211 2435 oud)
240 2392 291 2428 bic
320 2391 556 2437 ‘Srcunbfdyoft
582 2392 640 2430 ber
658 2393 800 2432 Rnibier
823 2397 886 2432 mit
905 2395 967 2432 ben
988 2395 1212 2434 Sarcntinetn
1238 2406 1281 2423 —'
1307 2397 1487 2434 Herodot.
1511 2398 1573 2434 111.

131 2438 212 2472 138.
239 2437 298 2473 lv.
323 2437 391 2471 164
413 2456 461 2463 —
486 2439 553 2475 unb
584 2443 647 2477 mit
679 2441 741 2477 ben
771 2439 971 2486 §meudun
990 2444 1126 2488 ‘berubt
1152 2443 1299 2487 aurber
1327 2446 1574 2492 &nertennung

106 2488 108 2492 “
130 2484 375 2528 gemeinlomen
401 2486 631 2530 ursvrungw’

150 2574 158 2580 -
176 2530 243 2568 76)
267 2530 361 2564 Nam
382 2536 419 2565 et
442 2530 636 2578 Ephorum
660 2538 697 2567 et
716 2532 827 2575 alios,
862 2533 926 2581 qui
953 2534 1151 2575 Dorienses
1183 2534 1305 2569 statim
1336 2544 1420 2583 post
1450 2539 1574 2574 incur-

130 2585 270 2610 sionem
297 2582 376 2611 tota
402 2577 662 2625 ‘Peloponneso
689 2578 825 2624 potitos
856 2592 933 2615 esse
962 2586 1131 2624 narrent,
1158 2581 1261 2617 valde
1283 2594 1433 2627 errare,
1458 2586 1574 2621 Muel-

130 2621 251 2664 lerus,
280 2621 457 2659 Orchom.
477 2637 514 2671 p.
534 2626 616 2659 330.
639 2636 717 2678 sqq.
745 2625 788 2660 de
807 2626 970 2673 Amyclis
991 2626 1234 2673 potissimum,
1262 2636 1298 2664 et
1309 2630 1403 2665 Dor.
1418 2631 1443 2666 l.
1465 2645 1500 2679 p.
1513 2636 1572 2669 60.

131 2679 211 2715 sqq.
237 2667 526 2713 demonstravit,
554 2677 591 2706 et
615 2679 699 2706 sans
726 2685 769 2707 ex
795 2674 896 2708 Paus.
923 2672 981 2707 ΠΙ.
1008 2675 1043 2707 2.
1068 2672 1199 2721 liquet.

177 2717 243 2761 77)
267 2713 402 2748 strabo
414 2717 550 2765 Vlle.
563 2718 644 2753 364.
658 2730 691 2753 a.
713 2720 760 2754 cf.
769 2720 890 2763 Marx,
901 2719 1041 2766 Ephori
1054 2719 1257 2767 fragmenta
1269 2722 1296 2758 Ι.
1312 2724 1366 2758 18.
1379 2737 1415 2771 p.
1430 2726 1507 2760 113.
1519 2738 1572 2773 sq.

1211 2782 1281 2830 2.
