1848 2919
737 130 1072 172 „15-

245 230 295 287 δ)
324 229 493 284 Jupiter
513 229 711 274 Ammon.
739 234 892 275 Ammo
922 230 933 240 ⁶
988 260 1002 285 ,
1020 230 1321 289 Aegyptiorum
1335 238 1376 271 et
1386 227 1637 286 Aethiopum

188 298 368 350 colonos,
390 311 443 339 ex
458 296 608 341 Thebis
618 299 849 358 Aegyptior
900 311 903 313 ’
978 296 1042 340 vis
1061 297 1232 340 arietino
1247 294 1381 354 capite
1395 294 1636 351 religionem

188 378 324 405 secum
339 362 495 419 tulisse,
523 366 755 409 Herodotus
774 374 969 416 memorat
986 368 1000 391 ⁵
1016 366 1084 422 ¹),
1102 388 1157 396 -
1176 364 1251 406 sed
1270 375 1471 419 nusquam
1490 361 1637 417 legere

188 429 367 485 memini,
390 431 467 475 hoc
485 448 634 476 numen
646 434 735 488 jam
749 433 914 489 antiquo
931 441 1113 488 tempore
1127 430 1170 473 in
1182 430 1396 474 Graeciam
1409 425 1635 479 transiisse,

186 496 338 553 ibique,
360 500 513 542 Graeca
522 499 695 541 fortasse
716 508 827 542 veste
845 498 1045 551 indutum,
1066 496 1254 540 continuo
1268 496 1421 538 cultum
1436 509 1528 536 esse
1542 498 1556 519 ⁵
1570 495 1635 552 ²).

186 563 500 620 Antiquissimus
529 568 773 608 Graecorum
803 564 1061 622 scriptorum,
1104 563 1174 620 qui
1203 566 1349 606 Jovem
1385 565 1635 605 Ammonem
1670 584 1686 590 -

188 629 379 685 celebrat,
409 640 471 672 est
489 630 687 673 Pindarus
703 637 716 657 ⁵
732 637 790 684 ³),
819 630 890 686 qui
908 641 948 673 et
967 630 1056 687 ipse
1078 629 1301 671 certissima
1322 628 1440 670 nobis
1458 628 1635 685 vestigia

185 695 374 753 praebet,
404 695 513 737 unde
535 695 602 738 hic
620 700 736 739 Deus
763 696 807 738 in
838 696 1050 740 Graeciam
1078 694 1297 737 transierit.
1338 695 1499 751 Cyrene
1524 694 1633 737 enim

186 761 344 803 colonia
357 761 609 816 Aegidarum
629 772 669 803 et
680 761 913 819 Minyarum
931 777 985 802 ex
998 760 1135 802 Thera
1151 765 1166 786 ⁵
1180 758 1504 829 ⁴),bffiThebarum
1517 770 1635 802 vete-

186 826 298 868 ribus
319 825 462 869 incolis
488 837 573 871 erat
595 836 790 884 cognata,
823 841 876 869 ex
894 825 1040 882 quibus
1056 852 1109 860 -
1124 824 1294 868 forsitan
1314 824 1477 867 nobiles
1492 829 1507 852 ⁵
1521 825 1569 883 ⁵)
1579 850 1637 857 —

186 891 303 935 multi
324 892 444 935 etiam
464 894 540 936 sub
559 897 805 936 Boeotorum
825 892 997 950 imperio
1010 893 1054 934 in
1068 892 1198 949 patria
1219 891 1462 934 remansisse
1486 891 1635 935 viden-

186 969 273 1014 tur,
312 974 403 1001 cum
438 969 479 1003 et
508 959 706 1002 Pindarus
741 959 829 1015 ipse
865 974 910 1000 se
950 958 1002 1000 ab
1043 958 1297 1015 Aegidarum
1339 957 1466 1015 stirpe
1503 968 1636 1002 ortum

187 1041 278 1069 esse
316 1027 514 1083 gloriatur
537 1032 550 1054 ⁵
564 1028 626 1083 ὅ).
676 1024 905 1083 „Cyrenaici
946 1040 1045 1067 vero
1062 1056 1075 1078 ,
1131 1034 1380 1067 mercaturae
1427 1024 1634 1068 studiosus

171 1087 380 1149 ‘populus,
434 1092 503 1149 qui
549 1107 638 1135 cum
673 1091 820 1140 vicinis,
853 1091 999 1150 Libyis
1041 1090 1328 1144 versabantm·‚
1381 1090 1472 1146 quis
1511 1091 1634 1134 dub-1-

187 1158 289 1200 tabit
316 1158 413 1213 quin
437 1160 581 1201 Jovem
608 1162 851 1201 Ammonem
877 1157 930 1199 ab
957 1156 1008 1198 iis
1037 1157 1265 1213 receperint
1285 1162 1299 1183 ⁵
1314 1158 1359 1212 ⁷)
1380 1157 1401 1200 ?
1446 1157 1633 1199 Eandem

187 1223 240 1266 ob
271 1238 432 1267 causam
469 1224 589 1268 etiam
624 1223 938 1268 Lacedaemonii
973 1222 1171 1280 imprimis
1204 1225 1351 1267 Jovem
1386 1224 1634 1266 Ammonem

233 1375 296 1421 51)
322 1373 559 1410 Herodot.11.
578 1374 639 1410 42.
658 1395 704 1402 --
720 1396 767 1403 —
791 1374 867 1413 ἀπὸ
891 1373 1024 1413 τούτου
1047 1372 1343 1425 κριοπρόσωπον
1365 1373 1546 1424 τώγάλμα
1571 1382 1636 1414 τοῦ

187 1421 278 1462 Διὸς
298 1424 445 1457 ποιεῦσι
466 1420 681 1469 Αἰγύπτιοι·
707 1422 782 1461 ἀπὸ
806 1425 849 1461 δὲ
868 1428 920 1459 A?
949 1424 1163 1471 υπτίωνἈμ
1200 1421 1321 1468 ώνιοι,
1348 1422 1636 1471 ἐόντες-Αἰγυπ-

187 1473 277 1504 τίων
298 1482 336 1504 τε
359 1472 422 1503 καὶ
435 1468 637 1506 Αἰθιόπων
648 1468 811 1508 ἄποικοι.
839 1471 884 1507 cf.
927 1471 969 1507 V.
995 1471 1075 1506 181.
1096 1477 1133 1506 et
1153 1438 1198 1505 fil
1220 1471 1278 1506 55.
1299 1477 1335 1506 et
1356 1470 1563 1517 interprelt.
1588 1474 1635 1509 ad

186 1515 344 1563 Hesych.
367 1527 394 1549 s.
413 1528 447 1549 v.
470 1516 644 1564 Ἀμμοῦς.
1103 1551 1108 1556 ,

234 1563 301 1602 52)
329 1560 439 1608 Quod
467 1563 696 1606 Herodotus,
725 1562 850 1597 omnia
879 1575 922 1597 ex
947 1561 1100 1597 Oriente
1126 1561 1331 1605 deducem,
1359 1562 1530 1608 profecto
1556 1577 1634 1600 non

188 1608 322 1643 oblitus
341 1612 444 1640 esset.
472 1627 506 1632 —
541 1608 643 1643 Suid.
676 1607 825 1654 quidem
858 1621 943 1644 eum
971 1608 1160 1644 Graecum
1183 1609 1307 1644 Deum
1335 1609 1513 1657 appellat,
1548 1613 1632 1658 sed,

186 1660 228 1689 ut
250 1655 325 1697 jam
348 1653 506 1688 Ruester
528 1654 719 1699 observat,
747 1667 790 1690 ea
815 1655 1064 1703 appellatione
1085 1654 1240 1692 ἐθνικόν
1261 1663 1404 1691 tantum
1425 1669 1563 1693 numen
1583 1660 1636 1694 in-

186 1699 330 1746 telligit.
356 1718 413 1725 --
440 1699 515 1745 Qui
532 1700 648 1748 igitur
671 1702 858 1737 Ammonis
879 1704 1023 1737 cultum
1044 1701 1082 1736 in
1103 1702 1316 1748 antiquiora
1338 1710 1509 1750 tempora
1527 1726 1571 1744 ÷
1594 1714 1637 1741 ut

186 1745 358 1781 Marmor
385 1744 533 1781 Parium
555 1759 613 1793 ep.
634 1749 693 1784 22.
726 1747 767 1793 ij:
793 1754 949 1784 aetatem
979 1749 1109 1783 Thesei
1140 1768 1188 1774 -
1220 1756 1434 1791 removent,
1497 1752 1637 1787 raviler

186 1791 277 1827 mihi
298 1802 426 1826 errare
444 1791 633 1831 videntur.
669 1793 846 1831 Narratio
866 1807 1015 1844 quoque
1039 1796 1084 1831 de
1110 1794 1257 1843 origine
1281 1796 1435 1832 Oraculi
1459 1762 1634 1845 Lgtelphici

188 1846 224 1874 et
243 1839 423 1874 Ammonii
449 1840 577 1875 eodem
599 1847 767 1888 tempore
786 1855 828 1878 ex
847 1844 1033 1891 Aegypto,
1060 1855 1080 1878 e
1103 1843 1237 1878 seriori
1259 1843 1407 1878 demum
1426 1850 1545 1879 aetate
1565 1847 1637 1881 ori-

187 1887 309 1933 ginem
332 1885 446 1921 ducit.
482 1887 658 1923 Herodot.
681 1887 727 1923 ΙΙ.
762 1890 820 1924 55.
850 1901 930 1938 sqq.
972 1890 1096 1926 Schol.
1120 1890 1167 1925 ad
1189 1889 1238 1925 So
1268 1891 1303 1925 h.
1330 1891 1466 1927 Trach.
1495 1894 1574 1928 172.
1601 1900 1638 1928 et

186 1934 297 1981 plura
317 1932 415 1980 apud
440 1936 584 1978 meren,
611 1935 721 1976 &been
747 1935 793 1973 ΙΙ.
810 1938 940 1985 p.462.
968 1936 1015 1974 cf.
1029 1937 1200 1983 Mueller,
1259 1934 1634 1989 rchom.p.11‘o.sqq.

188 2028 211 2063 S
235 1981 300 2061 ιΞΒ)1
323 1980 427 2016 Pind.
445 1982 628 2028 Pyth.1V.
657 1984 713 2019 14.
740 1996 818 2032 sqq.
855 1984 946 2025 Διὸς
973 1987 1015 2022 ἐν
1035 1983 1237 2032 Ἄμμωνος
1266 1984 1636 2035 aepoefflmffffliquo

217 2040 236 2062 c
265 2038 286 2061 o
304 2052 313 2061 .
1269 2042 1277 2048 ·

236 2073 297 2115 54)
324 2074 502 2121 Herodot.
522 2075 580 2111 IV.
603 2088 681 2124 sqq.
707 2076 811 2112 Pind.
830 2076 858 2112 P
887 2077 935 2112 th.
958 2077 1018 2112 lv.
1044 2097 1092 2105 —-
1120 2077 1322 2113 Gallim-h.
1340 2078 1377 2113 in
1396 2079 1539 2126 Apollin
1574 2082 1632 2117 74.

187 2132 271 2154 cum
293 2119 503 2166 interprett.
521 2122 646 2157 Justin
665 2123 764 2157 XIII.
782 2126 815 2157 7.
869 2124 962 2157 trab.
985 2123 1098 2157 XVII.
1121 2137 1157 2170 p.
1169 2125 1251 2158 837.
1269 2144 1311 2151 —
1327 2124 1450 2160 Schol.
1465 2126 1519 2161 ad
1528 2127 1631 2162 Pind.

186 2166 357 2214 Pyth.1v.
376 2169 430 2201 15.
445 2167 665 2203 —funditus
678 2169 774 2204 hanc
785 2181 863 2204 rem
876 2169 1049 2205 tractavit
1060 2170 1232 2215 Mueller,
1244 2170 1421 2208 Orchom.
1431 2184 1469 2218 p.
1481 2173 1562 2208 313.
1577 2186 1631 2220 sq.

235 2213 302 2253 55)
326 2213 462 2259 Explic.
481 2214 621 2250 Boekh.
643 2214 682 2249 in
698 2215 802 2250 Pind.
823 2215 846 2250 l.
868 2216 892 2250 l.
911 2223 936 2251 t.
957 2215 1074 2263 lllnp.
1094 2216 1178 2254 289.
1215 2215 1407 2263 „Aegidae
1431 2231 1523 2253 vero
1550 2221 1633 2256 Pin-

187 2259 268 2294 dari
298 2266 464 2306 parentes
492 2268 705 2306 sunt,„non
728 2261 802 2307 ini,
831 2261 894 2309 qui
919 2263 1089 2312 Spartam
1110 2263 1303 2308 abierunt,
1331 2264 1395 2299 sed
1415 2265 1480 2313 qui
1499 2267 1632 2303 Thebis

187 2307 435 2342 remansere.”
484 2307 629 2357 Ubique
651 2309 795 2345 nobiles
815 2309 957 2345 nobiles
983 2318 1223 2358 exceperunt.

231 2354 295 2398 56)
319 2353 474 2403 Pyth.v.
488 2356 546 2391 74.
563 2368 643 2405 sqq.
668 2360 793 2394 ἵκοντο
819 2356 967 2406 Θηράδε
991 2359 1453 2406 φῶτεςΛίγεΐὸαι-ἑμοὶ
1475 2362 1633 2409 πατέρες

188 2400 232 2437 οὐ
255 2405 359 2438 θεῶν
381 2400 479 2449 ἄτερ.
506 2416 540 2438 κ.
568 2418 598 2439 τ.
625 2407 657 2440 λ.
684 2423 742 2432 —
768 2411 804 2440 et
829 2405 968 2440 Boekh.
995 2405 1163 2459 explicat.
1191 2407 1213 2440 1.
1239 2407 1263 2442 1.

236 2449 299 2491 57)
324 2449 432 2484 Paus.
455 2450 510 2484 10.
535 2452 591 2486 13.
610 2452 645 2487 3.
659 2477 674 2489 x
694 2452 799 2487 Hanc
822 2451 870 2487 ob
897 2464 978 2487 rem
1000 2459 1113 2487 etiam
1132 2460 1299 2488 monetae
1319 2451 1553 2498 Cyrenaicae
1575 2468 1631 2491 ex-

188 2495 351 2538 stabant,
378 2496 502 2532 arietis
519 2498 639 2546 capite
653 2498 850 2545 insignitae
864 2498 911 2535 cf.
924 2499 1084 2547 Hesych.
1098 2511 1126 2535 s.
1140 2513 1173 2534 v.
1199 2498 1346 2534 Βάττου
1358 2501 1444 2546 σίλᾳ
1453 2514 1514 2536 ιον
1525 2522 1571 2527 --
1584 2524 1631 2530 -

188 2538 282 2576 ὥστε
311 2546 376 2577 καὶ
409 2545 452 2580 ἐν
482 2546 775 2594 τῷἐκνομίσματι
809 2545 907 2581 ὅπου
939 2547 1012 2593 μὲν
1033 2545 1232 2599 Ἄμμωνα,
1270 2543 1368 2581 ὅπου
1399 2548 1442 2583 δὲ
1464 2551 1632 2597 Σίλφιον

188 2587 479 2635 ἐγκεγαράχθαι,
491 2590 556 2627 ubi
566 2591 748 2641 interprr.
777 2591 896 2627 Omne
908 2593 1176 2639 Cyrenensmm
1187 2605 1271 2627 cum
1280 2593 1521 2644 Aethiopibus
1533 2609 1629 2632 com-

187 2633 457 2681 mercium-per
475 2639 753 2676 Ammoniorum
773 2647 914 2676 terram
937 2639 1065 2683 fiebat,
1090 2651 1203 2687 quam
1222 2640 1271 2675 ob
1293 2653 1372 2676 rem
1390 2644 1457 2679 hos
1479 2655 1629 2692 quoque

188 2681 297 2717 modo
321 2681 564 2720 adularentur
583 2699 729 2722 necesse
755 2693 829 2730 θείς
857 2687 902 2721 cf.
931 2685 1113 2730 Mueller,
1142 2687 1321 2724 Orchom.
1348 2702 1385 2735 p.
1408 2691 1491 2725 359.

184 2851 219 2886 ir«
