1848 2919
798 157 854 166 .-..
940 132 998 176 94
1083 158 1139 167 ...-

289 234 442 278 Mirum
464 245 542 290 est,
574 235 683 292 quod
707 234 750 278 in
772 233 904 292 primo
929 248 1021 276 cum
1034 234 1309 291 Tissapherne
1329 240 1449 294 pacto
1465 234 1564 292 ³²⁴)
1588 233 1692 278 nihil

233 317 398 358 prorsus
426 302 478 345 de
513 300 718 359 stipendio
744 301 1005 343 constitutum
1027 299 1103 355 sit,
1134 310 1175 344 et
1204 300 1247 343 in
1277 303 1456 345 secundo
1474 307 1515 329 ³²
1530 302 1574 358 ⁵)
1599 310 1690 343 tan·-

233 376 347 411 tum:
378 370 512 423 „Rex
543 367 764 422 exercitui,
798 377 969 425 quantus
1002 381 1026 410 a
1057 382 1103 410 se
1125 367 1345 411 advocatus
1368 365 1414 410 in
1436 367 1520 426 suis
1543 366 1693 411 finibus

234 445 364 490 esset,
398 436 437 478 ei
455 433 703 492 stipendium
718 434 981 491 praeberet.’'
1019 437 1082 478 Ne
1101 435 1223 478 tertio
1245 434 1410 491 quidem
1438 443 1557 489 pacto
1574 439 1588 460 ³
1601 435 1690 490 ²⁶),

233 501 434 561 „classi,
466 515 572 558 quae·
603 516 710 543 nunc
739 500 884 561 adest,
908 499 1154 559 stipendium
1177 516 1230 544 ex
1256 510 1374 559 pacto
1400 498 1693 558 Tissaphernes

233 568 515 626 suppeditato,
547 569 679 612 donec
703 568 818 624 regia
838 567 979 611 classis
1001 568 1175 611 venerit.
1186 582 1195 586 '⁷
1220 570 1337 620 Quae
1361 566 1433 609 ubi
1453 567 1690 623 advenerit,

233 633 269 677 si
300 634 616 678 Lacedaemonii
647 635 828 693 sociique
865 649 978 677 suam
1016 634 1188 678 classem
1217 635 1329 678 alere
1362 634 1512 689 velint,
1552 633 1692 678 Tissa-

232 699 410 757 phernes
438 701 517 745 hoc
544 702 630 746 illis
656 703 868 760 praebeto.
908 701 1225 746 Lacedaemonii
1252 716 1351 745 vero
1379 701 1559 758 sociique
1579 701 1693 745 finito

233 767 348 811 bello
380 768 574 826 pecunias
601 768 866 827 Tissapherni
898 769 1100 813 reddunto
1133 785 1390 828 quascunque
1417 769 1468 812 ab
1500 785 1549 812 eo
1576 784 1693 812 acce-

233 834 421 892 perint,'’
460 842 610 878 certam
630 835 830 878 mercedis
857 850 1056 878 summam
1081 844 1239 892 pactam
1258 837 1397 890 videm
1429 838 1536 894 quod
1554 841 1693 881 Krue-

232 916 356 957 gerus
378 906 421 929 ³²
435 900 481 957 ⁷)
504 901 561 943 ita
586 901 794 958 explicare
817 903 976 956 studet,
1007 911 1052 944 ut
1073 910 1266 944 censeat:
1294 901 1375 944 nisi
1397 895 1506 960 apud
1528 903 1693 963 Thucy-

233 965 372 1010 didem
393 966 547 1023 aliquid
570 966 788 1021 exciderit,
821 984 871 1010 eo
892 958 1210 1024 confugiendum
1226 968 1383 1023 videri,
1414 978 1459 1011 ut
1480 978 1692 1024 statuatur,

233 1049 431 1076 summam
460 1049 485 1076 a
511 1033 789 1090 Xenophonte
818 1032 981 1076 disertis
1009 1034 1147 1077 verbis
1183 1034 1330 1079 dictam
1347 1040 1388 1062 ³²
1403 1035 1450 1092 ⁸)
1478 1046 1696 1094 propterea

232 1100 275 1143 in
302 1099 539 1143 foederibus
566 1116 648 1143 non
680 1100 832 1144 diserte
859 1115 1094 1157 expressam
1121 1117 1238 1157 esse,
1279 1152 1281 1154 ,
1301 1103 1383 1163 uod
1414 1119 1463 1146 ea
1485 1103 1696 1148 *ordinaria

233 1183 388 1210 merces
408 1167 547 1209 suerit.
580 1169 683 1210 Cum
705 1184 805 1211 vero
823 1167 1120 1225 Tissaphernes
1141 1118 1543 1224 neq’fl‘ffloenissas
1569 1162 1695 1212 naves

233 1243 480 1287 arcesseret,
512 1249 645 1289 neque
671 1233 918 1291 stipendium
939 1243 1180 1291 perpetuum
1206 1249 1254 1277 ac
1282 1234 1459 1277 solidum
1478 1236 1695 1293 praeberet

232 1315 406 1357 cumque
421 1303 572 1342 Tamus
594 1316 776 1356 quoque,
808 1316 833 1344 a
852 1315 955 1358 quo,
987 1302 1118 1344 donec
1139 1301 1210 1344 ille
1235 1302 1423 1359 Aspendi
1447 1312 1692 1356 versaretur,

232 1365 479 1424 stipendium
501 1366 679 1408 solutum
700 1365 751 1408 iri
775 1366 1039 1423 promiserat,
1068 1368 1112 1409 id
1133 1383 1210 1409 nec
1231 1368 1378 1410 melius
1406 1383 1483 1410 nec
1499 1369 1695 1425 promtius

231 1434 441 1476 solveret:
472 1430 687 1474 Mindarus
715 1432 881 1474 tandem
909 1433 1252 1490 Peloponnesios,
1290 1433 1427 1492 inopia
1458 1449 1693 1492 oppressos,
1750 1455 1753 1458 >

231 1500 285 1544 ad
295 1499 605 1542 Pharnabazum
619 1497 736 1543 duxit
751 1498 820 1555 qui
834 1498 961 1555 largis
972 1499 1182 1556 promissis
1202 1515 1273 1542 eos
1287 1501 1557 1543 advocaverat
1576 1505 1590 1526 ³
1603 1505 1618 1525 ²
1630 1501 1692 1556 ⁹).

232 1570 418 1623 „Neque
444 1574 553 1621 erat,
585 1565 695 1623 quod
720 1565 842 1623 hujus
870 1565 1031 1610 consilii
1063 1583 1156 1610 eum
1187 1566 1429 1626 poeniteret.
1488 1569 1593 1611 Nam
1620 1566 1696 1610 etsi

231 1726 347 1748 κοντα
369 1714 470 1759 μνᾶς
489 1710 624 1761 ἑκάστῃ
644 1713 713 1757 νηῒ
726 1715 792 1748 τοῦ
811 1711 932 1761 μηνὸς
959 1711 1002 1756 (i.
1022 1724 1054 1748 e.
1080 1710 1287 1758 τριώβολον
1317 1709 1465 1758 ἑκάστῳ,
1489 1710 1606 1761 ναύτῃ
1635 1715 1697 1758 τῆς

232 1759 393 1809 ἡμέρας)
418 1761 582 1797 sidonam.
618 1760 761 1795 Hellen.
783 1759 812 1795 Ι.
833 1763 867 1797 5.
890 1760 924 1795 5.
960 1760 1031 1795 Abs
1055 1771 1129 1807 quo
1152 1759 1346 1806 Lysander
1369 1771 1480 1807 aegre
1499 1759 1694 1807 impetrat,

230 1814 275 1844 ut
306 1814 469 1860 quatuor
501 1806 605 1843 oholi
631 1807 798 1855 quotidie
825 1807 964 1842 viritim
992 1807 1184 1841 darentur.
1235 1806 1343 1841 Nune
1367 1813 1492 1841 autem
1516 1806 1695 1851 Pelopon-

233 1853 326 1889 nesil
356 1860 461 1889 tanto
494 1853 612 1900 magis
646 1854 774 1889 eadem
807 1853 885 1890 fere
908 1864 1053 1888 summa
1077 1851 1243 1887 contenti
1270 1863 1347 1887 esse
1374 1858 1567 1900 poterant,
1595 1852 1695 1896 quod

232 1900 276 1936 ἰὰ
306 1904 347 1938 ἐκ
376 1904 440 1946 τῆς
463 1899 585 1935 Ἰάσου
607 1899 758 1947 μεγάλα
774 1898 954 1948 χρήματα
976 1901 1263 1943 διαρπασθέντοι
1294 1897 1393 1943 ὑπῆν
1415 1903 1493 1941 τοῖς
1513 1898 1696 1946 στρατιώ-

232 1963 323 1988 ταις.
350 1948 518 1994 Thucyd.
540 1947 632 1982 vul.
653 1948 711 1981 ³6.
740 1947 840 1981 Haec
858 1959 943 1981 cum
959 1945 1010 1979 ita
1023 1945 1108 1980 sint.
1135 1944 1319 1992 suspicor,
1347 1945 1460 1979 verba
1479 1945 1561 1980 ἀντὶ
1576 1948 1695 1993 δραχ-

231 1999 306 2044 μῆς
334 1994 497 2039 Ἀττικῆς
528 2005 547 2028 e
579 1993 748 2040 margine
778 1992 990 2039 irrepsisse,
1025 1990 1214 2038 adscripta
1242 1991 1288 2026 ab
1316 1991 1462 2039 aliquo,
1500 1992 1563 2039 qui
1590 1999 1696 2029 antea

234 2047 286 2087 (c.
317 2043 395 2082 29.)
429 2052 512 2077 eam
551 2039 663 2075 fuisse
701 2039 912 2074 mercedem
949 2038 1205 2073 meminerat.''
1256 2039 1426 2085 Hrueger
1458 2039 1506 2074 ad
1538 2039 1693 2076 Dionvs.

232 2103 270 2139 p.
293 2089 377 2125 354.
397 2089 455 2122 55.
482 2108 529 2114 --
556 2086 709 2122 Goeller
739 2086 786 2121 ad
814 2086 983 2134 Thucyd.
1016 2076 1039 2122 Ῐ.
1072 2085 1093 2120 l.
1122 2084 1167 2120 II.
1201 2094 1242 2133 p:
1260 2087 1342 2120 401.
1371 2092 1495 2120 tamen
1518 2098 1561 2121 ea
1584 2077 1695 2122 ver‘ba

231 2148 309 2172 non
331 2135 514 2181 ejicienda
535 2140 683 2177 censet,
710 2133 774 2168 sed
795 2133 847 2170 ita
868 2132 1047 2181 explicat:
1087 2144 1198 2179 quam
1232 2144 1309 2169 non
1344 2132 1600 2181 accipiebant,
1633 2136 1695 2170 sed

233 2183 437 2233 poscebant
495 2218 506 2220 -

279 2233 372 2271 324)
397 2229 567 2270 Thucvd.
594 2227 692 2267 vul.
725 2228 781 2264 17.

279 2280 372 2320 325)
400 2278 454 2312 lb.
481 2271 579 2311 Vm.
607 2278 666 2311 37.
695 2273 742 2310 cf.
770 2273 924 2318 Mauso,
952 2272 997 2312 11.
1024 2286 1063 2321 p.
1087 2274 1173 2311 269.
1198 2289 1235 2313 v.

279 2327 371 2366 326)
398 2325 450 2360 lb.
478 2323 569 2359 Vlll.
599 2324 657 2359 58.
1171 2336 1174 2338 >

279 2375 371 2413 327)
397 2371 451 2407 Ad
469 2370 627 2418 Dionys.
651 2382 688 2417 p.
710 2368 792 2402 355.
829 2367 1016 2411 „Pactam
1048 2374 1172 2421 tamen
1193 2372 1268 2417 jam
1291 2379 1400 2409 antea
1424 2371 1560 2418 fuisse,
1600 2383 1694 2408 con-

233 2420 362 2467 jecerit
389 2418 523 2465 aliquis
553 2430 573 2453 e
602 2415 728 2452 verbis
760 2414 856 2452 κατὰ
885 2414 930 2450 τὰ
951 2418 1192 2463 ξυγκείμενα.
1216 2418 1300 2455 ,Sed
1319 2420 1411 2456 haec
1435 2420 1615 2460 verhgeo
1635 2421 1694 2454 γῑ,

233 2470 394 2505 deantur
417 2465 556 2501 referri
578 2476 705 2513 posse,
740 2461 841 2512 quod
865 2462 905 2498 in
932 2462 1149 2500 universum
1166 2466 1401 2513 promissum·
1416 2472 1514 2510 erat,
1538 2466 1607 2512 τὴν
1624 2470 1696 2503 dac-

234 2515 360 2561 πάνην
383 2516 540 2561 βασιλέα
567 2517 760 2559 παρέχειν.
870 2519 872 2521 “

280 2564 371 2603 328)
395 2561 540 2597 Hellen.
560 2560 587 2595 1.
612 2560 648 2598 5.
671 2559 705 2594 5.
732 2554 935 2606 τριάκοντα
959 2561 1058 2607 μνᾶς
1085 2558 1221 2607 ἑκάστη
1247 2561 1314 2607 νηΐ
1337 2561 1402 2595 τοῦ
1426 2558 1555 2609 μηνός.
1583 2580 1628 2588 -
1656 2560 1697 2595 In

232 2609 449 2646 universum
473 2606 791 2644 Lacedaemonios
822 2605 919 2639 5000
937 2606 1076 2644 talenta
1096 2601 1281 2658 accep'isse
1305 2613 1440 2643 auctor
1469 2615 1522 2643 est
1545 2608 1696 2643 Isocrat.

232 2658 277 2692 de
297 2657 394 2692 Pace
416 2657 473 2688 3⁴2.
499 2654 547 2689 cf.
571 2654 728 2699 Mauso,
756 2652 804 2690 11.
833 2666 871 2702 p.
898 2652 981 2687 492.
1021 2693 1024 2697 .

281 2704 372 2748 329)
397 2700 567 2750 Thucyd.
596 2700 688 2738 Vffl.
715 2698 893 2736 78-219.
