1848 2919
647 180 840 223 -.31
924 203 980 210 .-

568 277 1058 398 ἓωήενοῑαςοηω.

101 441 105 444 ”
149 445 377 486 Postremus
395 442 632 491 Laconicae,
640 439 891 498 reipublicae
910 453 1037 481 annos
1055 439 1275 484 intuentem
1291 438 1439 504 sugere
1457 457 1539 484 non

95 517 251 568 potest,
279 504 411 569 neque
432 519 693 569 tyrannorum
712 504 991 561 crudelitates,
1011 521 1141 563 neque
1160 501 1540 618 Lycurffitituta

95 592 168 634 per
192 568 551 634 ¹Philopoemenem
583 573 741 616 sublata
766 574 1053 629 Spartanorum
1083 573 1251 631 imperio
1278 574 1347 618 tan
1427 631 1433 636 ·
1461 591 1539 617 no-

93 641 246 698 cuisse,
287 651 477 701 quantum
506 640 707 684 civitatum
736 638 1020 682 maritimarum
1050 640 1322 684 amissionem.
1379 641 1539 695 Quibus

98 709 248 766 ereptis
282 724 400 764 quam
428 707 586 749 infirma
622 716 730 749 esset
751 705 1004 764 respublica,
1034 706 1207 762 primum
1228 707 1357 749 Nabis
1386 708 1539 764 sensit,

96 789 218 830 quare
243 773 293 816 iis
316 771 601 829 recuperandis
625 772 988 840 omnibusviriQs
1010 763 1283 832 incuffi'bebat.
1328 775 1443 815 Haec
1463 765 1537 830 op}

95 839 192 896 pida
220 828 381 896 semper
405 837 656 896 praebebant
678 853 840 882 causam
860 832 1054 881 novorum
1078 833 1543 900 inter'Lja‘cedaemonios

97 904 364 961 Achaeosque
380 904 636 948 dissidiorum
648 921 850 962 veraeque
866 904 1136 961 conjunctioni
1150 900 1337 958 continuo
1353 907 1540 950 oberant.

97 973 144 1013 In
161 970 346 1013 omnibus
370 971 580 1028 colloquiis
604 982 645 1015 et
665 971 1021 1029 disceptationibus
1045 987 1184 1014 earum
1207 972 1314 1015 facta
1337 983 1400 1017 est
1422 990 1540 1017 men-

98 1036 176 1091 tio,
207 1052 296 1079 cum
324 1037 487 1080 exulum
514 1054 580 1081 res
615 1038 684 1095 qui
712 1038 770 1081 ibi
798 1039 1037 1095 plerumque
1059 1038 1263 1081 domicilia
1289 1039 1540 1094 obtinebant,

98 1112 206 1146 arcte
224 1118 314 1146 cum
329 1103 380 1147 iis
397 1104 645 1149 cohaereret.
674 1108 737 1149 Ne
757 1104 1019 1163 imperatores
1040 1104 1203 1161 quidem
1216 1104 1389 1148 Romani
1404 1121 1543 1149 earum

101 1169 217 1213 obliti
241 1180 354 1225 sunt,
386 1187 505 1227 quam
530 1173 583 1215 ob
608 1188 694 1230 rem
725 1186 807 1213 non
834 1185 1176 1228 supervacaneum
1197 1172 1381 1226 videtur,
1413 1171 1465 1214 de
1489 1172 1542 1215 iis

100 1237 279 1295 oppidis,
308 1237 351 1280 in
377 1237 522 1295 quibus
549 1239 752 1299 Gytheum
783 1236 1007 1296 principem
1032 1231 1200 1303 tenebat
1209 1238 1360 1282 :locum
1367 1270 1382 1294 ,
1420 1238 1542 1282 etiam

99 1318 226 1362 pauca
251 1304 412 1347 afferre.
587 1316 590 1318 ’
680 1327 722 1365 3„

155 1370 289 1412 Urbes
314 1370 538 1413 Laconicae
552 1369 780 1414 maritimas
801 1372 852 1414 Τ.
873 1370 1037 1423 Quinct.
1059 1371 1347 1427 Spartanorum
1373 1369 1545 1427 imperio

101 1435 314 1491 liberavit,
356 1452 572 1493 earumque
601 1442 745 1481 ‘curam
774 1437 952 1480 Achaeis
982 1435 1189 1480 mandavit
1207 1441 1216 1462 ¹
1233 1440 1247 1462 ³
1263 1436 1322 1492 ⁵).
1371 1428 1545 1478 Fiebant

102 1502 223 1559 igitur
242 1502 362 1545 liberi
379 1503 478 1546 socii
502 1504 673 1547 Achaici
692 1504 892 1558 foederis,
922 1504 988 1546 cui
1010 1502 1163 1546 addicti
1181 1503 1398 1557 manebant
1416 1519 1545 1559 usque

101 1570 153 1613 ad
172 1571 261 1627 ejus
282 1569 486 1613 interitum
499 1585 575 1626 per
583 1571 800 1612 Romanos.
833 1568 943 1623 Quot
957 1568 1124 1612 numero
1138 1568 1215 1612 hae
1237 1569 1358 1613 urbes
1375 1570 1542 1630 fuerint,

101 1653 255 1693 quaeve
273 1631 448 1689 nomina,
475 1651 557 1678 non
574 1635 719 1691 liquet,
747 1636 855 1692 quod
874 1645 1035 1693 praeter
1050 1635 1254 1693 Gytheujn
1270 1645 1309 1677 et
1323 1638 1412 1677 Lan
1429 1637 1547 1679 nulla

101 1703 250 1745 diserte
267 1711 524 1745 memoratur.
556 1701 884 1745 Mediterrannea
895 1711 1030 1745 tamen
1041 1701 1266 1745 Laconicae
1283 1701 1432 1760 oppida
1449 1718 1547 1760 per-

100 1778 222 1825 petuo
249 1771 537 1825 Spmrum
558 1767 728 1824 imperio
759 1779 873 1810 erant
898 1768 1102 1824 subjecta,
1133 1767 1241 1823 quod
1265 1777 1305 1809 et
1328 1769 1547 1811 certamina

103 1851 241 1878 eorum
263 1850 355 1878 cum
368 1832 537 1891 Argivis
556 1838 567 1860 ¹
582 1837 597 1859 ³
609 1833 655 1891 ⁴)
679 1843 719 1878 et
730 1832 1087 1892 Megalopolitanis
1106 1839 1117 1860 ¹
1133 1838 1148 1860 ³
1160 1834 1206 1890 ⁵)
1228 1832 1280 1875 de
1303 1833 1452 1877 finibus
1472 1834 1546 1877 de-

104 1902 276 1957 clarant,
317 1911 357 1944 et
386 1900 643 1955 Achaeorum
667 1910 829 1959 praetor
857 1900 1033 1954 Diaeus,
1064 1898 1133 1955 qui
1160 1899 1299 1955 plures
1319 1899 1431 1942 vicos
1455 1900 1548 1942 urbi
1605 1935 1611 1949 ,

103 1967 256 2011 vicinos
276 1967 329 2011 ad
348 1966 634 2020 foedussuum
648 1965 822 2025 pellexit
839 1976 887 2015 ,et
907 1964 1120 2023 praesidiis
1138 1980 1213 2027 per
1233 1980 1303 2007 eos
1328 1964 1547 2023 dispositis,

102 2036 450 2078 Lacedaemonem
485 2044 681 2091 perpetuo
711 2033 825 2090 quasi
855 2033 1062 2076 obsessam
1095 2024 1223 2074 tentiit
1241 2038 1251 2059 ¹
1267 2028 1366 2089 ³⁶),
1413 2029 1549 2076 Etiam

102 2101 281 2144 Achaeis
311 2100 520 2158 superatis·
534 2099 707 2142 Romani
736 2099 888 2140 liberas
915 2098 1008 2140 illas
1029 2098 1462 2154 urbesSpartanorum
1482 2099 1547 2141 di-

102 2166 203 2210 tioni
209 2183 329 2226 Q-
322 2166 518 2210 obnoxias
537 2166 693 2218 fecere,
716 2164 789 2206 sed
808 2173 852 2205 ut
873 2172 1026 2205 ceteras
1051 2162 1323 2223 :teloponnesi
1349 2162 1546 2218 civitates,

105 2249 208 2291 quae
226 2233 310 2276 suis
331 2232 494 2289 legibus
519 2232 757 2286 utebantur,
788 2229 866 2272 sibi
887 2228 987 2287 ipsis
1008 2245 1056 2272 su
1078 2229 1289 2285 Jecerunt,
1319 2228 1375 2271 ita
1395 2239 1440 2272 ut
1458 2232 1548 2273 Ro-

104 2300 234 2344 manis
267 2296 422 2344 'fflbuta
462 2300 709 2359 penderent,
754 2297 884 2356 iisque
921 2295 1114 2341 institutis
1131 2296 1399 2353 fruerentur,
1444 2313 1549 2355 quae

154 2468 238 2510 133)
264 2466 344 2502 Liv.
358 2465 534 2503 XXXIV.
551 2465 608 2502 36.
625 2468 660 2502 2.
686 2466 732 2503 cf.
752 2465 833 2501 Liv.
846 2465 1010 2502 XXXV.
1034 2465 1091 2500 12.
1111 2465 1167 2499 13.
1185 2464 1219 2498 2.
1248 2463 1302 2497 18.
1322 2462 1358 2498 5.
1378 2470 1415 2499 et
1432 2465 1551 2500 35.—

107 2512 292 2560 Gytheum
313 2514 498 2550 inter'has
523 2514 694 2550 liberatas
718 2514 827 2551 urbas
852 2506 983 2559 fuisse,
1020 2512 1130 2548 etiam
1156 2510 1349 2558 inscriptio
1382 2510 1548 2559 indicat,

108 2561 342 2604 quanmtinfra
365 2563 544 2597 allaturus
569 2574 661 2596 sum.

157 2618 244 2659 134)
269 2620 423 2658 Pausan.
448 2619 523 2655 Vll.
551 2623 608 2654 11.
637 2620 668 2655 1.

155 2677 244 2717 135)
269 2678 398 2725 Polyb.
424 2678 567 2715 XXXI.
595 2679 628 2713 9.
656 2681 691 2715 7.
777 2694 789 2710 ,ι
1044 2714 1050 2716 .

155 2733 245 2777 136)
270 2734 379 2774 Paus.
409 2738 480 2773 Vll.
508 2739 563 2772 12.
589 2738 624 2772 2.
651 2742 687 2772 et
712 2734 863 2778 Mauso,
889 2731 950 2766 ΙΙΙ.
979 2733 1010 2766 1.
1037 2742 1075 2777 p.
1103 2730 1186 2767 454.
