<?xml version="1.0" encoding="UTF-8"?>
<!DOCTYPE html PUBLIC "-//W3C//DTD XHTML 1.0 Transitional//EN"
    "http://www.w3.org/TR/xhtml1/DTD/xhtml1-transitional.dtd">
<html xmlns="http://www.w3.org/1999/xhtml" xml:lang="en" lang="en">
 <head>
  <title>
</title>
<meta http-equiv="Content-Type" content="text/html;charset=utf-8" />
  <meta name='ocr-system' content='tesseract 3.04.00' />
  <meta name='ocr-capabilities' content='ocr_page ocr_carea ocr_par ocr_line ocrx_word'/>
</head>
<body>
  <div class='ocr_page' id='page_1' title='image "4737211_0012.png"; bbox 0 0 1848 2919; ppageno 0'>
   <div class='ocr_carea' id='block_1_1' title="bbox 129 616 1583 884">
    <p class='ocr_par' dir='ltr' id='par_1_1' title="bbox 129 616 1583 884">
     <span class='ocr_line' id='line_1_1' title="bbox 135 616 1582 704; baseline 0 -17"><span class='ocrx_word' id='word_1_1' title='bbox 135 616 322 690; x_wconf 79' lang='lat' dir='ltr'><strong>Vobis</strong></span> <span class='ocrx_word' id='word_1_2' title='bbox 351 641 443 689; x_wconf 88' lang='lat' dir='ltr'><strong>has</strong></span> <span class='ocrx_word' id='word_1_3' title='bbox 478 640 768 693; x_wconf 80' lang='lat' dir='ltr'><strong>studiorum</strong></span> <span class='ocrx_word' id='word_1_4' title='bbox 803 639 1052 704; x_wconf 82' lang='lat' dir='ltr'><strong>primitias</strong></span> <span class='ocrx_word' id='word_1_5' title='bbox 1086 656 1410 701; x_wconf 87' lang='lat' dir='ltr'><strong>consecrans,</strong></span> <span class='ocrx_word' id='word_1_6' title='bbox 1453 638 1582 687; x_wconf 89' lang='lat' dir='ltr'><strong>illud</strong></span> 
     </span>
     <span class='ocr_line' id='line_1_2' title="bbox 132 728 1580 804; baseline -0.003 -24"><span class='ocrx_word' id='word_1_7' title='bbox 132 730 454 804; x_wconf 84' lang='lat' dir='ltr'><strong>potissimum</strong></span> <span class='ocrx_word' id='word_1_8' title='bbox 489 728 744 795; x_wconf 84' lang='lat' dir='ltr'><strong>spectavi,</strong></span> <span class='ocrx_word' id='word_1_9' title='bbox 784 734 845 777; x_wconf 90' lang='lat' dir='ltr'><strong>ut</strong></span> <span class='ocrx_word' id='word_1_10' title='bbox 877 730 1110 779; x_wconf 81' lang='lat' dir='ltr'><strong>animum</strong></span> <span class='ocrx_word' id='word_1_11' title='bbox 1137 734 1339 795; x_wconf 80' lang='lat' dir='ltr'><strong>gratum</strong></span> <span class='ocrx_word' id='word_1_12' title='bbox 1368 729 1436 777; x_wconf 92' lang='lat' dir='ltr'><strong>ob</strong></span> <span class='ocrx_word' id='word_1_13' title='bbox 1458 744 1580 793; x_wconf 85' lang='lat' dir='ltr'><strong>per-</strong></span> 
     </span>
     <span class='ocr_line' id='line_1_3' title="bbox 129 819 1583 884; baseline -0.001 -16"><span class='ocrx_word' id='word_1_14' title='bbox 129 821 292 869; x_wconf 87' lang='lat' dir='ltr'><strong>multa</strong></span> <span class='ocrx_word' id='word_1_15' title='bbox 314 820 369 868; x_wconf 89' lang='lat' dir='ltr'><strong>in</strong></span> <span class='ocrx_word' id='word_1_16' title='bbox 394 835 480 869; x_wconf 91' lang='lat' dir='ltr'><strong>me</strong></span> <span class='ocrx_word' id='word_1_17' title='bbox 511 820 694 868; x_wconf 78' lang='lat' dir='ltr'><strong>collata</strong></span> <span class='ocrx_word' id='word_1_18' title='bbox 716 819 903 884; x_wconf 90' lang='lat' dir='ltr'><strong>piaque</strong></span> <span class='ocrx_word' id='word_1_19' title='bbox 929 825 1103 868; x_wconf 88' lang='lat' dir='ltr'><strong>mente</strong></span> <span class='ocrx_word' id='word_1_20' title='bbox 1132 829 1338 883; x_wconf 80' lang='lat' dir='ltr'><strong>semper</strong></span> <span class='ocrx_word' id='word_1_21' title='bbox 1369 819 1583 868; x_wconf 92' lang='lat' dir='ltr'><strong>colenda</strong></span> 
     </span>
    </p>
   </div>
   <div class='ocr_carea' id='block_1_2' title="bbox 43 907 1580 976">
    <p class='ocr_par' dir='ltr' id='par_1_2' title="bbox 43 907 1580 976">
     <span class='ocr_line' id='line_1_4' title="bbox 43 907 1580 976; baseline -0.001 -17"><span class='ocrx_word' id='word_1_22' title='bbox 43 942 47 945; x_wconf 40' lang='grc' dir='ltr'><strong><em>ι</em></strong></span> <span class='ocrx_word' id='word_1_23' title='bbox 130 908 374 959; x_wconf 86' lang='lat' dir='ltr'><strong>beneficia</strong></span> <span class='ocrx_word' id='word_1_24' title='bbox 396 908 733 976; x_wconf 87' lang='lat' dir='ltr'><strong>significarem</strong></span> <span class='ocrx_word' id='word_1_25' title='bbox 751 913 802 957; x_wconf 88' lang='lat' dir='ltr'><strong>et</strong></span> <span class='ocrx_word' id='word_1_26' title='bbox 815 907 1116 958; x_wconf 85' lang='lat' dir='ltr'><strong>testificarer</strong></span> <span class='ocrx_word' id='word_1_27' title='bbox 1124 944 1140 971; x_wconf 83' lang='lat'><em>,</em></span> <span class='ocrx_word' id='word_1_28' title='bbox 1157 924 1470 974; x_wconf 13' lang='lat' dir='ltr'><strong>*persuasum</strong></span> <span class='ocrx_word' id='word_1_29' title='bbox 1486 907 1580 957; x_wconf 91' lang='lat' dir='ltr'><strong>ha-</strong></span> 
     </span>
    </p>
   </div>
   <div class='ocr_carea' id='block_1_3' title="bbox 128 983 1580 1334">
    <p class='ocr_par' dir='ltr' id='par_1_3' title="bbox 128 983 1580 1334">
     <span class='ocr_line' id='line_1_5' title="bbox 130 983 1579 1063; baseline -0.002 -14"><span class='ocrx_word' id='word_1_30' title='bbox 130 1000 276 1061; x_wconf 87' lang='lat' dir='ltr'><strong>bens,</strong></span> <span class='ocrx_word' id='word_1_31' title='bbox 303 998 417 1047; x_wconf 84' lang='lat' dir='ltr'><strong>fore</strong></span> <span class='ocrx_word' id='word_1_32' title='bbox 432 1002 491 1046; x_wconf 92' lang='lat' dir='ltr'><strong>ut</strong></span> <span class='ocrx_word' id='word_1_33' title='bbox 502 998 633 1046; x_wconf 83' lang='lat' dir='ltr'><strong>rude</strong></span> <span class='ocrx_word' id='word_1_34' title='bbox 644 997 748 1047; x_wconf 88' lang='lat' dir='ltr'><strong>hoc·</strong></span> <span class='ocrx_word' id='word_1_35' title='bbox 758 1003 811 1047; x_wconf 90' lang='lat' dir='ltr'><strong>et</strong></span> <span class='ocrx_word' id='word_1_36' title='bbox 820 983 1184 1063; x_wconf 83' lang='lat' dir='ltr'><strong>imperfectum</strong></span> <span class='ocrx_word' id='word_1_37' title='bbox 1197 988 1579 1060; x_wconf 64' lang='lat' dir='ltr'><strong>mlmusculum,&gt;</strong></span> 
     </span>
     <span class='ocr_line' id='line_1_6' title="bbox 130 1088 1580 1155; baseline -0.001 -19"><span class='ocrx_word' id='word_1_38' title='bbox 130 1090 269 1155; x_wconf 90' lang='lat' dir='ltr'><strong>quod</strong></span> <span class='ocrx_word' id='word_1_39' title='bbox 313 1089 517 1137; x_wconf 87' lang='lat' dir='ltr'><strong>crebras</strong></span> <span class='ocrx_word' id='word_1_40' title='bbox 545 1104 647 1151; x_wconf 86' lang='lat' dir='ltr'><strong>-per</strong></span> <span class='ocrx_word' id='word_1_41' title='bbox 670 1088 1104 1152; x_wconf 81' lang='lat' dir='ltr'><strong>interpellationes</strong></span> <span class='ocrx_word' id='word_1_42' title='bbox 1130 1089 1271 1136; x_wconf 90' lang='lat' dir='ltr'><strong>horis</strong></span> <span class='ocrx_word' id='word_1_43' title='bbox 1298 1089 1580 1136; x_wconf 84' lang='lat' dir='ltr'><strong>subsecivis</strong></span> 
     </span>
     <span class='ocr_line' id='line_1_7' title="bbox 129 1160 1580 1243; baseline -0.001 -15"><span class='ocrx_word' id='word_1_44' title='bbox 129 1160 437 1243; x_wconf 91' lang='lat' dir='ltr'><strong>componere</strong></span> <span class='ocrx_word' id='word_1_45' title='bbox 459 1182 610 1241; x_wconf 83' lang='lat' dir='ltr'><strong>atque</strong></span> <span class='ocrx_word' id='word_1_46' title='bbox 636 1176 883 1240; x_wconf 86' lang='lat' dir='ltr'><strong>perficere</strong></span> <span class='ocrx_word' id='word_1_47' title='bbox 905 1178 1151 1242; x_wconf 88' lang='lat' dir='ltr'><strong>cogebar,</strong></span> <span class='ocrx_word' id='word_1_48' title='bbox 1186 1178 1441 1240; x_wconf 76' lang='lat' dir='ltr'><strong>maxima,</strong></span> <span class='ocrx_word' id='word_1_49' title='bbox 1478 1195 1580 1243; x_wconf 83' lang='lat' dir='ltr'><strong>qua</strong></span> 
     </span>
     <span class='ocr_line' id='line_1_8' title="bbox 128 1265 1579 1334; baseline -0.001 -19"><span class='ocrx_word' id='word_1_50' title='bbox 128 1269 347 1334; x_wconf 85' lang='lat' dir='ltr'><strong>insignes</strong></span> <span class='ocrx_word' id='word_1_51' title='bbox 369 1266 487 1324; x_wconf 71' lang='lat' dir='ltr'><strong>estis</strong></span> <span class='ocrx_word' id='word_1_52' title='bbox 499 1301 515 1327; x_wconf 83' lang='lat'>‚</span> <span class='ocrx_word' id='word_1_53' title='bbox 551 1265 863 1331; x_wconf 82' lang='lat' dir='ltr'><strong>indulgentia</strong></span> <span class='ocrx_word' id='word_1_54' title='bbox 888 1265 1161 1330; x_wconf 74' lang='lat' dir='ltr'><strong>accipiatis.</strong></span> <span class='ocrx_word' id='word_1_55' title='bbox 1206 1265 1439 1330; x_wconf 86' lang='lat' dir='ltr'><strong>Namque</strong></span> <span class='ocrx_word' id='word_1_56' title='bbox 1460 1283 1579 1314; x_wconf 90' lang='lat' dir='ltr'><strong>mu-</strong></span> 
     </span>
    </p>
   </div>
   <div class='ocr_carea' id='block_1_4' title="bbox 36 1355 1577 1421">
    <p class='ocr_par' dir='ltr' id='par_1_4' title="bbox 36 1355 1577 1421">
     <span class='ocr_line' id='line_1_9' title="bbox 36 1355 1577 1421; baseline 0 -17"><span class='ocrx_word' id='word_1_57' title='bbox 36 1357 45 1361; x_wconf 71' lang='grc'><strong>“</strong></span> <span class='ocrx_word' id='word_1_58' title='bbox 128 1372 253 1404; x_wconf 90' lang='lat' dir='ltr'><strong>nere</strong></span> <span class='ocrx_word' id='word_1_59' title='bbox 277 1356 495 1404; x_wconf 92' lang='lat' dir='ltr'><strong>docendi</strong></span> <span class='ocrx_word' id='word_1_60' title='bbox 528 1355 823 1417; x_wconf 79' lang='lat' dir='ltr'><strong>adstrictuS,</strong></span> <span class='ocrx_word' id='word_1_61' title='bbox 841 1360 916 1403; x_wconf 75' lang='lat' dir='ltr'><strong>&#39;ut</strong></span> <span class='ocrx_word' id='word_1_62' title='bbox 933 1356 1036 1404; x_wconf 65' lang='lat' dir='ltr'><strong>‘vix</strong></span> <span class='ocrx_word' id='word_1_63' title='bbox 1056 1372 1243 1421; x_wconf 89' lang='lat' dir='ltr'><strong>paucas</strong></span> <span class='ocrx_word' id='word_1_64' title='bbox 1269 1356 1423 1404; x_wconf 86' lang='lat' dir='ltr'><strong>horas</strong></span> <span class='ocrx_word' id='word_1_65' title='bbox 1453 1372 1577 1404; x_wconf 91' lang='lat' dir='ltr'><strong>con-</strong></span> 
     </span>
    </p>
   </div>
   <div class='ocr_carea' id='block_1_5' title="bbox 103 1445 1577 2679">
    <p class='ocr_par' dir='ltr' id='par_1_5' title="bbox 103 1445 1577 2679">
     <span class='ocr_line' id='line_1_10' title="bbox 129 1445 1577 1510; baseline -0.001 -15"><span class='ocrx_word' id='word_1_66' title='bbox 129 1447 295 1496; x_wconf 87' lang='lat' dir='ltr'><strong>tinuas</strong></span> <span class='ocrx_word' id='word_1_67' title='bbox 320 1446 502 1495; x_wconf 88' lang='lat' dir='ltr'><strong>eadem</strong></span> <span class='ocrx_word' id='word_1_68' title='bbox 522 1445 578 1493; x_wconf 87' lang='lat' dir='ltr'><strong>in</strong></span> <span class='ocrx_word' id='word_1_69' title='bbox 600 1460 659 1493; x_wconf 90' lang='lat' dir='ltr'><strong>re</strong></span> <span class='ocrx_word' id='word_1_70' title='bbox 682 1460 877 1509; x_wconf 85' lang='lat' dir='ltr'><strong>ponere</strong></span> <span class='ocrx_word' id='word_1_71' title='bbox 899 1446 1121 1510; x_wconf 85' lang='lat' dir='ltr'><strong>possim,</strong></span> <span class='ocrx_word' id='word_1_72' title='bbox 1158 1462 1275 1494; x_wconf 90' lang='lat' dir='ltr'><strong>cum</strong></span> <span class='ocrx_word' id='word_1_73' title='bbox 1300 1445 1397 1494; x_wconf 88' lang='lat' dir='ltr'><strong>alia</strong></span> <span class='ocrx_word' id='word_1_74' title='bbox 1426 1446 1577 1495; x_wconf 81' lang='lat' dir='ltr'><strong>simul</strong></span> 
     </span>
     <span class='ocr_line' id='line_1_11' title="bbox 103 1534 1575 1602; baseline -0.002 -16"><span class='ocrx_word' id='word_1_75' title='bbox 103 1584 106 1586; x_wconf 9' lang='lat' dir='ltr'><strong>i</strong></span> <span class='ocrx_word' id='word_1_76' title='bbox 129 1537 256 1586; x_wconf 91' lang='lat' dir='ltr'><strong>mihi</strong></span> <span class='ocrx_word' id='word_1_77' title='bbox 282 1535 509 1602; x_wconf 88' lang='lat' dir='ltr'><strong>magistri</strong></span> <span class='ocrx_word' id='word_1_78' title='bbox 537 1534 797 1598; x_wconf 87' lang='lat' dir='ltr'><strong>quondam</strong></span> <span class='ocrx_word' id='word_1_79' title='bbox 819 1534 1011 1597; x_wconf 81' lang='lat' dir='ltr'><strong>publici</strong></span> <span class='ocrx_word' id='word_1_80' title='bbox 1034 1551 1222 1582; x_wconf 84' lang='lat' dir='ltr'><strong>munus</strong></span> <span class='ocrx_word' id='word_1_81' title='bbox 1249 1535 1454 1582; x_wconf 89' lang='lat' dir='ltr'><strong>obituro</strong></span> <span class='ocrx_word' id='word_1_82' title='bbox 1480 1551 1575 1583; x_wconf 90' lang='lat' dir='ltr'><strong>ne-</strong></span> 
     </span>
     <span class='ocr_line' id='line_1_12' title="bbox 131 1622 1574 1690; baseline -0.003 -13"><span class='ocrx_word' id='word_1_83' title='bbox 131 1626 348 1677; x_wconf 88' lang='lat' dir='ltr'><strong>cessario</strong></span> <span class='ocrx_word' id='word_1_84' title='bbox 383 1624 482 1674; x_wconf 89' lang='lat' dir='ltr'><strong>sint</strong></span> <span class='ocrx_word' id='word_1_85' title='bbox 518 1622 804 1685; x_wconf 85' lang='lat' dir='ltr'><strong>tractanda,</strong></span> <span class='ocrx_word' id='word_1_86' title='bbox 840 1638 908 1671; x_wconf 87' lang='lat' dir='ltr'><strong>ne</strong></span> <span class='ocrx_word' id='word_1_87' title='bbox 945 1623 1001 1672; x_wconf 86' lang='lat' dir='ltr'><strong>in</strong></span> <span class='ocrx_word' id='word_1_88' title='bbox 1036 1623 1223 1690; x_wconf 79' lang='lat' dir='ltr'><strong>exig-uo</strong></span> <span class='ocrx_word' id='word_1_89' title='bbox 1253 1628 1455 1673; x_wconf 87' lang='lat' dir='ltr'><strong>tantum</strong></span> <span class='ocrx_word' id='word_1_90' title='bbox 1489 1624 1574 1672; x_wconf 87' lang='lat' dir='ltr'><strong>lit-</strong></span> 
     </span>
     <span class='ocr_line' id='line_1_13' title="bbox 121 1707 1571 1781; baseline -0.001 -17"><span class='ocrx_word' id='word_1_91' title='bbox 121 1722 360 1772; x_wconf 43' lang='lat' dir='ltr'><strong>&#39;terarum</strong></span> <span class='ocrx_word' id='word_1_92' title='bbox 388 1730 575 1781; x_wconf 88' lang='lat' dir='ltr'><strong>genere</strong></span> <span class='ocrx_word' id='word_1_93' title='bbox 600 1707 884 1779; x_wconf 86' lang='lat' dir='ltr'><strong>paullulum</strong></span> <span class='ocrx_word' id='word_1_94' title='bbox 909 1713 1184 1761; x_wconf 89' lang='lat' dir='ltr'><strong>instructus</strong></span> <span class='ocrx_word' id='word_1_95' title='bbox 1211 1714 1330 1761; x_wconf 93' lang='lat' dir='ltr'><strong>hinc</strong></span> <span class='ocrx_word' id='word_1_96' title='bbox 1364 1715 1571 1776; x_wconf 87' lang='lat' dir='ltr'><strong>abeam,</strong></span> 
     </span>
     <span class='ocr_line' id='line_1_14' title="bbox 131 1802 1574 1871; baseline -0.003 -15"><span class='ocrx_word' id='word_1_97' title='bbox 131 1823 194 1856; x_wconf 89' lang='lat' dir='ltr'><strong>eo</strong></span> <span class='ocrx_word' id='word_1_98' title='bbox 212 1805 409 1855; x_wconf 85' lang='lat' dir='ltr'><strong>facilius</strong></span> <span class='ocrx_word' id='word_1_99' title='bbox 427 1821 513 1854; x_wconf 88' lang='lat' dir='ltr'><strong>me</strong></span> <span class='ocrx_word' id='word_1_100' title='bbox 531 1802 903 1871; x_wconf 88' lang='lat' dir='ltr'><strong>indulgentium</strong></span> <span class='ocrx_word' id='word_1_101' title='bbox 915 1804 1168 1858; x_wconf 86' lang='lat' dir='ltr'><strong>lectorum</strong></span> <span class='ocrx_word' id='word_1_102' title='bbox 1181 1803 1574 1868; x_wconf 87' lang='lat' dir='ltr'><strong>impetraturum</strong></span> 
     </span>
     <span class='ocr_line' id='line_1_15' title="bbox 129 1891 1572 1963; baseline -0.002 -17"><span class='ocrx_word' id='word_1_103' title='bbox 129 1913 240 1946; x_wconf 89' lang='lat' dir='ltr'><strong>esse</strong></span> <span class='ocrx_word' id='word_1_104' title='bbox 264 1913 433 1963; x_wconf 86' lang='lat' dir='ltr'><strong>spero.</strong></span> <span class='ocrx_word' id='word_1_105' title='bbox 468 1923 538 1932; x_wconf 89' lang='lat'><strong>—-</strong></span> <span class='ocrx_word' id='word_1_106' title='bbox 572 1894 648 1944; x_wconf 91' lang='lat' dir='ltr'><strong>Ac</strong></span> <span class='ocrx_word' id='word_1_107' title='bbox 685 1894 729 1943; x_wconf 89' lang='lat' dir='ltr'><strong>si</strong></span> <span class='ocrx_word' id='word_1_108' title='bbox 764 1895 847 1944; x_wconf 89' lang='lat' dir='ltr'><strong>cui</strong></span> <span class='ocrx_word' id='word_1_109' title='bbox 886 1894 1109 1961; x_wconf 85' lang='lat' dir='ltr'><strong>singulae</strong></span> <span class='ocrx_word' id='word_1_110' title='bbox 1142 1891 1294 1962; x_wconf 88' lang='lat' dir='ltr'><strong>hujus</strong></span> <span class='ocrx_word' id='word_1_111' title='bbox 1333 1894 1572 1943; x_wconf 88' lang='lat' dir='ltr'><strong>disserta-</strong></span> 
     </span>
     <span class='ocr_line' id='line_1_16' title="bbox 129 1964 1573 2054; baseline -0.001 -21"><span class='ocrx_word' id='word_1_112' title='bbox 129 1964 279 2033; x_wconf 86' lang='lat' dir='ltr'><strong>tionis</strong></span> <span class='ocrx_word' id='word_1_113' title='bbox 304 1991 476 2054; x_wconf 77' lang='lat' dir='ltr'><strong>partes</strong></span> <span class='ocrx_word' id='word_1_114' title='bbox 494 1985 664 2036; x_wconf 87' lang='lat' dir='ltr'><strong>minus</strong></span> <span class='ocrx_word' id='word_1_115' title='bbox 681 1984 957 2033; x_wconf 88' lang='lat' dir='ltr'><strong>cohaerere</strong></span> <span class='ocrx_word' id='word_1_116' title='bbox 979 1985 1277 2045; x_wconf 88' lang='lat' dir='ltr'><strong>videantur,</strong></span> <span class='ocrx_word' id='word_1_117' title='bbox 1311 1983 1408 2032; x_wconf 92' lang='lat' dir='ltr'><strong>hac</strong></span> <span class='ocrx_word' id='word_1_118' title='bbox 1427 1985 1492 2032; x_wconf 95' lang='lat' dir='ltr'><strong>de</strong></span> <span class='ocrx_word' id='word_1_119' title='bbox 1515 1998 1573 2031; x_wconf 92' lang='lat' dir='ltr'><strong>re</strong></span> 
     </span>
     <span class='ocr_line' id='line_1_17' title="bbox 128 2056 1571 2137; baseline 0 -16"><span class='ocrx_word' id='word_1_120' title='bbox 128 2056 305 2137; x_wconf 51' lang='lat' dir='ltr'><strong>paucis¹</strong></span> <span class='ocrx_word' id='word_1_121' title='bbox 323 2072 611 2120; x_wconf 87' lang='lat' dir='ltr'><strong>dicendum.</strong></span> <span class='ocrx_word' id='word_1_122' title='bbox 648 2073 777 2121; x_wconf 86' lang='lat' dir='ltr'><strong>Nam</strong></span> <span class='ocrx_word' id='word_1_123' title='bbox 801 2072 1001 2120; x_wconf 91' lang='lat' dir='ltr'><strong>duobus</strong></span> <span class='ocrx_word' id='word_1_124' title='bbox 1025 2072 1211 2121; x_wconf 87' lang='lat' dir='ltr'><strong>abhinc</strong></span> <span class='ocrx_word' id='word_1_125' title='bbox 1233 2073 1375 2122; x_wconf 89' lang='lat' dir='ltr'><strong>annis</strong></span> <span class='ocrx_word' id='word_1_126' title='bbox 1395 2073 1571 2122; x_wconf 89' lang='lat' dir='ltr'><strong>Philo-</strong></span> 
     </span>
     <span class='ocr_line' id='line_1_18' title="bbox 128 2161 1574 2229; baseline -0.001 -17"><span class='ocrx_word' id='word_1_127' title='bbox 128 2162 409 2227; x_wconf 87' lang='lat' dir='ltr'><strong>sophorum</strong></span> <span class='ocrx_word' id='word_1_128' title='bbox 424 2161 552 2210; x_wconf 73' lang='lat' dir='ltr'><strong>ord‘o</strong></span> <span class='ocrx_word' id='word_1_129' title='bbox 563 2161 914 2215; x_wconf 82' lang='lat' dir='ltr'><strong>Universitatis</strong></span> <span class='ocrx_word' id='word_1_130' title='bbox 928 2162 1369 2229; x_wconf 84' lang='lat' dir='ltr'><strong>Heidelbergensis</strong></span> <span class='ocrx_word' id='word_1_131' title='bbox 1394 2169 1574 2228; x_wconf 88' lang='lat' dir='ltr'><strong>postu-</strong></span> 
     </span>
     <span class='ocr_line' id='line_1_19' title="bbox 127 2252 1573 2317; baseline -0.002 -15"><span class='ocrx_word' id='word_1_132' title='bbox 127 2254 336 2313; x_wconf 82' lang='lat' dir='ltr'><strong>laverat,</strong></span> <span class='ocrx_word' id='word_1_133' title='bbox 364 2252 570 2315; x_wconf 88' lang='lat' dir='ltr'><strong>publico</strong></span> <span class='ocrx_word' id='word_1_134' title='bbox 592 2252 856 2316; x_wconf 88' lang='lat' dir='ltr'><strong>proposito</strong></span> <span class='ocrx_word' id='word_1_135' title='bbox 881 2253 1130 2317; x_wconf 85' lang='lat' dir='ltr'><strong>praemio,</strong></span> <span class='ocrx_word' id='word_1_136' title='bbox 1158 2258 1217 2301; x_wconf 94' lang='lat' dir='ltr'><strong>ut</strong></span> <span class='ocrx_word' id='word_1_137' title='bbox 1244 2253 1573 2301; x_wconf 82' lang='lat' dir='ltr'><strong>exhiberetur</strong></span> 
     </span>
     <span class='ocr_line' id='line_1_20' title="bbox 128 2339 1573 2407; baseline -0.001 -16"><span class='ocrx_word' id='word_1_138' title='bbox 128 2359 197 2392; x_wconf 83' lang='lat' dir='ltr'><strong>ex</strong></span> <span class='ocrx_word' id='word_1_139' title='bbox 214 2341 436 2392; x_wconf 80' lang='lat' dir='ltr'><strong>fontibus</strong></span> <span class='ocrx_word' id='word_1_140' title='bbox 451 2341 723 2407; x_wconf 86' lang='lat' dir='ltr'><strong>descriptio</strong></span> <span class='ocrx_word' id='word_1_141' title='bbox 746 2346 799 2390; x_wconf 89' lang='lat' dir='ltr'><strong>et</strong></span> <span class='ocrx_word' id='word_1_142' title='bbox 817 2341 1028 2391; x_wconf 88' lang='lat' dir='ltr'><strong>historia</strong></span> <span class='ocrx_word' id='word_1_143' title='bbox 1048 2339 1264 2404; x_wconf 84' lang='lat' dir='ltr'><strong>Gythei,</strong></span> <span class='ocrx_word' id='word_1_144' title='bbox 1289 2341 1573 2390; x_wconf 88' lang='lat' dir='ltr'><strong>Laconicae</strong></span> 
     </span>
     <span class='ocr_line' id='line_1_21' title="bbox 128 2429 1573 2497; baseline 0.001 -17"><span class='ocrx_word' id='word_1_145' title='bbox 128 2433 328 2497; x_wconf 89' lang='lat' dir='ltr'><strong>oppidi,</strong></span> <span class='ocrx_word' id='word_1_146' title='bbox 368 2437 868 2497; x_wconf 85' lang='lat' dir='ltr'><strong>monstrareturque,</strong></span> <span class='ocrx_word' id='word_1_147' title='bbox 905 2448 1060 2496; x_wconf 87' lang='lat' dir='ltr'><strong>quam</strong></span> <span class='ocrx_word' id='word_1_148' title='bbox 1082 2429 1188 2479; x_wconf 78' lang='lat' dir='ltr'><strong>vim</strong></span> <span class='ocrx_word' id='word_1_149' title='bbox 1214 2430 1451 2479; x_wconf 85' lang='lat' dir='ltr'><strong>habuerit</strong></span> <span class='ocrx_word' id='word_1_150' title='bbox 1474 2432 1573 2481; x_wconf 85' lang='lat' dir='ltr'><strong>hoc</strong></span> 
     </span>
     <span class='ocr_line' id='line_1_22' title="bbox 127 2518 1571 2588; baseline -0.001 -17"><span class='ocrx_word' id='word_1_151' title='bbox 127 2524 305 2574; x_wconf 87' lang='lat' dir='ltr'><strong>navale</strong></span> <span class='ocrx_word' id='word_1_152' title='bbox 331 2523 702 2588; x_wconf 85' lang='lat' dir='ltr'><strong>Spartanorum</strong></span> <span class='ocrx_word' id='word_1_153' title='bbox 723 2523 787 2573; x_wconf 91' lang='lat' dir='ltr'><strong>ad</strong></span> <span class='ocrx_word' id='word_1_154' title='bbox 802 2518 1329 2573; x_wconf 86' lang='lat' dir='ltr'><strong>Lacedaemoniorum</strong></span> <span class='ocrx_word' id='word_1_155' title='bbox 1351 2538 1435 2571; x_wconf 87' lang='lat' dir='ltr'><strong>res</strong></span> <span class='ocrx_word' id='word_1_156' title='bbox 1455 2522 1571 2571; x_wconf 90' lang='lat' dir='ltr'><strong>uni-</strong></span> 
     </span>
     <span class='ocr_line' id='line_1_23' title="bbox 126 2610 1573 2679; baseline -0.001 -18"><span class='ocrx_word' id='word_1_157' title='bbox 126 2628 314 2662; x_wconf 76' lang='lat' dir='ltr'><strong>versas·</strong></span> <span class='ocrx_word' id='word_1_158' title='bbox 351 2612 484 2661; x_wconf 85' lang='lat' dir='ltr'><strong>Huic-</strong></span> <span class='ocrx_word' id='word_1_159' title='bbox 500 2617 800 2679; x_wconf 88' lang='lat' dir='ltr'><strong>argumento</strong></span> <span class='ocrx_word' id='word_1_160' title='bbox 820 2628 883 2660; x_wconf 91' lang='lat' dir='ltr'><strong>ea</strong></span> <span class='ocrx_word' id='word_1_161' title='bbox 904 2610 1102 2660; x_wconf 90' lang='lat' dir='ltr'><strong>ratione</strong></span> <span class='ocrx_word' id='word_1_162' title='bbox 1128 2610 1322 2675; x_wconf 81' lang='lat' dir='ltr'><strong>optime</strong></span> <span class='ocrx_word' id='word_1_163' title='bbox 1344 2611 1573 2661; x_wconf 86' lang='lat' dir='ltr'><strong>satisfieri</strong></span> 
     </span>
    </p>
   </div>
   <div class='ocr_carea' id='block_1_6' title="bbox 1780 0 1848 2919">
    <p class='ocr_par' dir='ltr' id='par_1_6' title="bbox 1780 0 1848 2919">
     <span class='ocr_line' id='line_1_24' title="bbox 1780 0 1848 2919; baseline 0 0"><span class='ocrx_word' id='word_1_164' title='bbox 1780 0 1848 2919; x_wconf 95' lang='lat' dir='ltr'><strong> </strong></span> 
     </span>
    </p>
   </div>
  </div>
 </body>
</html>
