1848 2919
163 241 267 283 Oflm
280 238 689 283 Lacedaemoniorum
712 238 821 282 vires
843 255 980 296 pugna
1000 238 1109 298 apud
1132 239 1308 281 Leuctra
1331 236 1548 294 fregisset,

107 305 278 361 Boeoti,
317 291 597 371 Epmfflda
627 306 753 359 duce,
790 320 815 347 a
841 307 1105 366 Garyensium
1130 304 1381 359 aliorumque
1402 303 1551 360 legatis

107 373 271 416 tandem
300 366 601 430 commoti‘ss),
631 372 676 414 in
697 371 1022 427 Peloponnesum
1041 374 1212 427 intrant,
1244 380 1286 414 et
1309 371 1551 414 Laconicam

106 441 236 499 ipsam
251 437 647 496 ‘hostiliteraggredi
670 437 929 481 constituunt.
959 440 1060 481 Inde
1080 454 1105 482 a
1122 438 1267 498 Caryis
1287 437 1340 480 'ad
1355 436 1552 494 Amyclas

107 524 234 565 usque
257 509 299 552 in
319 507 480 552 sinistra
496 508 675 548 Eurotae
696 503 787 560 ripa
804 505 1109 564 profecti-punt,
1138 507 1209 550 ubi
1229 505 1400 550 fluvium
1418 498 1550 547 trans-⁷

107 577 236 633 gressi
257 575 435 632 equitum
454 582 605 615 turmas
622 570 667 613 in
685 570 814 613 aciem
834 571 1042 628 direxere.¹
1066 573 1149 616 Sed
1163 583 1248 615 tum
1260 575 1551 630 Spartanorum

107 644 323 688 auxiliares
351 639 491 698 copiae
505 638 585 695 ⁹⁷)
609 647 695 680 tum
723 637 892 694 parvum
921 639 1030 695 apud
1052 638 1374 697 Tyndaridarum
1403 638 1550 681 aedem

106 709 325 768 proelium,
364 706 473 762 quod
502 703 712 761 Spartanis
743 703 964 745 secundum
998 703 1076 745 fuit
1092 704 1187 759 ⁹⁸),
1229 705 1549 761 Epaminondam

106 782 337 827 moverunt,
367 781 412 815 ut
442 770 663 814 exercitum
688 770 745 814 ab
769 769 871 812 urbe
890 771 1179 827 Spartanorum
1205 768 1444 824 deduceret,
1474 770 1548 812 ad-

105 856 248 883 versus
262 839 412 882 nolum
426 848 467 882 et
482 838 687 897 Gytheum
706 853 865 880 cursum
879 836 1065 880 tenderet
1079 846 1199 893 atque
1216 836 1377 894 oppidis
1391 836 1549 879 moeni-

106 907 183 949 bus
203 922 285 949 non
293 903 509 952 ‚instructis
531 903 575 946 in
591 903 736 947 itinere
757 903 937 947 accensis
955 903 1060 946 hanc
1081 919 1241 960 quoque
1257 904 1401 946 urbem
1417 918 1442 946 a
1456 903 1549 967 gui-

106 973 277 1017 busdam
288 970 493 1029 perioecis
510 970 673 1027 adjutus
690 986 765 1027 per
783 979 866 1012 tres
883 969 1066 1027 integros
1084 970 1172 1014 dies
1189 968 1547 1029 oppugnaretss).
1605 970 1610 979 ³

102 1039 203 1101 ffll.
224 1040 320 1081 102.
342 1039 386 1080 3.
409 1052 457 1080 a.-
470 1036 569 1079 Chr.
594 1036 723 1094 370.)
894 1052 896 1055 ·

124 1100 128 1103 ’
163 1104 369 1164 Gytheum
404 1103 448 1146 in
477 1103 559 1156 ,hac
590 1102 849 1160 expeditione
875 1117 901 1146 a
929 1103 1136 1147 Thebanis
1165 1114 1402 1161 occupatum
1437 1119 1548 1157 esse,

105 1170 340 1226 Xenophon
362 1168 461 1211 mihi
480 1184 631 1225 negare
651 1169 825 1212 videtur.
875 1170 946 1211 An
965 1168 1090 1225 igitur
1107 1169 1179 1212 illa
1198 1170 1396 1224 narratio,
1429 1184 1548 1226 quam

106 1226 333 1295 Polyaenus
353 1234 451 1291 ¹⁰⁰)
473 1235 613 1278 affert:
641 1235 793 1278 Isidam
817 1235 877 1290 (s.
895 1236 1080 1292 lsadam)
1104 1237 1310 1279 Laconem
1326 1236 1546 1294 Gytheum,

105 1312 197 1360 post
225 1300 476 1343 Leuctricam
504 1299 770 1343 calamitatem
795 1300 1082 1345 Thebanorum
1108 1302 1355 1358 praesidium
1382 1299 1547 1356 tenens,

106 1383 197 1411 cum
214 1375 373 1409 centum
392 1365 510 1408 nudis
530 1365 856 1411 adolescentibus
875 1366 1119 1411 oleo-unctis
1140 1376 1183 1410 et
1199 1367 1348 1426 gladiis
1368 1369 1548 1422 armatis,

104 1433 299 1476 liberasse
329 1441 389 1485 et,
420 1433 549 1488 ejecto
571 1432 800 1490 praesidio,
831 1433 1025 1490 oppidum
1053 1433 1187 1491 ipsum
1218 1433 1467 1489 obtinuisse,
1496 1434 1549 1477 ad

105 1499 182 1542 hoc
204 1508 363 1556 tempus
386 1498 439 1541 sit
457 1500 695 1553 referenda,
725 1514 867 1555 pamm
887 1499 1031 1554 liquet.
1062 1503 1167 1542 Nam
1175 1497 1332 1543 *Isidam
1347 1498 1548 1556 quefflflm

105 1564 340 1608 Phoebidae
371 1564 519 1618 filium,
566 1564 636 1621 qui
665 1564 709 1606 in
739 1564 921 1607 secunda
948 1564 1255 1623 Epaminondae
1286 1557 1548 1624 expeditione
1605 1624 1607 1626 Ι

105 1632 298 1675 adversus
326 1633 513 1688 Spartam
552 1630 712 1674 fortiter
739 1625 950 1689 pugnans,
992 1632 1125 1679 nudus
1157 1647 1233 1690 per
1262 1633 1548 1677 Thebanorum

104 1696 267 1740 ordines
290 1706 564 1754 penetrasset,
595 1698 833 1747 Plutarchus
850 1704 861 1725 ¹
875 1705 894 1726 ⁰
908 1699 952 1755 ¹)
976 1714 1138 1756 quoque
1153 1708 1372 1753 memorat,
1402 1700 1477 1743 sed
1496 1700 1548 1742 de

105 1772 266 1805 centum
287 1762 473 1806 assumtis
490 1764 712 1819 juvenibus
741 1774 782 1808 et
813 1765 866 1807 de
897 1765 999 1807 urbe
1030 1766 1192 1824 Gytheo
1223 1781 1387 1823 prorsus
1418 1776 1544 1821 tacet,

106 1844 197 1871 cum
226 1829 324 1871 satis
351 1838 528 1884 constet,
555 1829 878 1893 Epamissndam
897 1831 941 1873 in
966 1831 1038 1873 illa
1062 1832 1322 1889 expeditione
1348 1833 1454 1875 hanc
1477 1848 1546 1875 re-

106 1895 271 1952 gionem
298 1912 380 1939 non
398 1895 603 1952 tetigisse.
1435 1921 1458 1943 ,J

162 1964 210 2003 In
233 1961 427 2018 proximis
455 1965 634 2010 Graecae
661 1958 1146 2037 historigggfemporibus,
1177 1962 1249 2005 ubi
1268 1966 1416 2020 Sparta
1436 1965 1545 2021 ipsa,

106 2035 270 2082 totaque
291 2042 422 2083 paene
440 2026 596 2082 reliqua
618 2025 1194 2084 Graecisss‘pffleMacedonmn
1211 2029 1335 2072 rebus
1360 2031 1486 2085 gestis
1505 2031 1548 2073 in

107 2085 284 2168 ten*
306 2101 400 2145 uest,
438 2108 558 2134 nemo
591 2092 703 2134 urbis
739 2087 889 2150 Gy‘thei
920 2105 1089 2148 usquam
1117 2094 1227 2149 apud
1249 2104 1410 2141 veteres
1430 2095 1546 2138 men*—

107 2157 257 2200 tionem
278 2157 425 2205 factam
445 2173 535 2200 esse
554 2157 820 2214 exspectabit.
861 2158 1092 2201 Cleomenis
1120 2158 1283 2201 demum
1308 2170 1441 2204 aetate
1470 2178 1546 2205 no-

107 2240 200 2267 men
224 2225 312 2280 ejus
335 2224 467 2268 obiter
496 2233 762 2279 memoratur,
793 2238 884 2267 cum
912 2225 979 2268 hic
1002 2225 1118 2269 fortis
1142 2235 1183 2268 et
1204 2241 1374 2283 magnus
1396 2243 1473 2271 rex
1494 2229 1547 2272 ab

179 2400 243 2443 96)
268 2403 366 2436 Xen.
388 2402 529 2437 Hellen.
555 2402 615 2438 vl.
642 2406 676 2439 5.
702 2403 761 2438 24.
787 2405 845 2439 25.

178 2446 242 2490 97)
266 2449 433 2492 Helotes,
460 2450 753 2497 stipendiariiex
773 2450 1023 2494 Orchomeno,
1043 2450 1203 2494 Phliasii,
1231 2450 1437 2497 Corinthii,
1459 2453 1542 2501 Epi-

110 2492 252 2538 dam-ii,
278 2495 508 2530 Pellenenses
533 2497 684 2544 aliique.
709 2498 807 2536 Xen.
825 2498 965 2533 Hellen.
986 2497 1046 2533 vl.
1070 2498 1101 2531 3.
1128 2497 1187 2531 29.

179 2538 244 2582 98)
271 2542 369 2578 Xen.
390 2541 531 2577 Hellen.
557 2542 617 2578 VI.
643 2543 677 2577 5.
702 2543 761 2578 ³1.
951 2562 953 2564 >

179 2583 244 2628 99)
271 2588 369 2622 Xen.
395 2589 418 2623 l.
445 2587 470 2623 l.
496 2589 553 2623 32.

159 2630 244 2670 100)
269 2632 427 2682 Strateg.
452 2634 494 2670 11.
522 2635 556 2670 9.

158 2678 242 2720 101)
267 2679 339 2713 vit.
364 2682 467 2729 Ages.
496 2694 528 2717 c.
555 2684 613 2718 34.
641 2682 687 2719 cf.
713 2683 850 2743 &eliam
876 2684 919 2719 vg
937 2681 972 2716 h.
999 2682 1058 2717 Vl.
1087 2694 1107 2718 c
1148 2689 1225 2718 not.
1252 2683 1416 2721 Perizon-
