1848 2919
0 0 1848 28 W

715 166 1050 208 „83-

215 258 402 318 Mindaro
412 264 543 309 occiso
551 266 853 324 Cratesippidas
860 266 1051 326 navat-chi
1063 280 1231 309 munere
1242 274 1406 309 ornatus
1419 256 1504 306 est²
1518 265 1534 287 ⁸
1547 268 1562 289 ⁵
1571 262 1610 319 )‚

162 342 274 397 cujus
301 330 567 384 ἐπιστολεὺς
595 332 833 392 Pasippidas
858 333 985 377 fuisse
1010 334 1172 378 videtur
1189 334 1310 392 ²⁸⁸).
1361 331 1448 376 Sed
1468 339 1614 375 neuter

160 402 314 460 aliquid
330 396 595 453 memorabile
619 398 747 460 gessit
771 415 848 442 nec
869 416 1012 457 gerere
1033 402 1178 460 potuit,
1209 416 1302 444 cum
1321 414 1429 443 nova
1451 397 1611 450 classis,

161 485 265 528 quae
279 462 486 522 Antandri
496 463 728 522 parabatur,
757 466 936 510 nondum
954 468 1008 512 ad
1021 470 1145 512 finem
1160 478 1267 513 esset
1280 466 1478 527 perducta
1489 471 1506 493 ²
1518 468 1534 491 ⁸
1547 464 1611 522 ⁷).

162 537 241 581 Hic
254 535 317 579 vir
336 532 709 578 commemorandus
728 532 816 588 est,
842 533 911 590 qui
925 534 1019 578 licet
1035 551 1233 593 nusquam
1253 534 1407 579 diserte
1428 530 1614 577 ἐπιστο-

164 602 266 655 λεὺς
292 603 470 653 dicatur,
506 606 641 642 tamen
668 609 835 658 propter
863 603 1054 661 temporis
1086 604 1261 662 spatium
1274 634 1287 657 ,
1329 618 1410 659 quo
1442 602 1613 658 Sparta-

164 686 307 724 norum
331 664 450 710 classi
471 673 514 708 ’et
534 666 713 723 praefuit
743 676 784 709 et
810 666 931 710 infuit
942 698 956 723 ,
985 668 1062 711 hoc
1084 679 1244 725 quoque
1267 683 1412 711 munus
1436 664 1615 711 admini-

168 748 317 781 strasse
327 732 501 785 videtur,
511 732 749 792 Eteonicum
760 733 865 777 dico.
888 738 980 777 Jam
988 736 1096 777 enim
1105 735 1214 792 apud
1222 734 1525 792 Thucydidem²
1537 737 1557 759 ⁸
1566 733 1615 789 ⁸)

169 802 412 852 nominatur3
428 796 577 842 deinde
590 798 632 842 in
647 799 1152 844 insulaThasoharmostes
1167 801 1297 843 factus
1316 793 1513 841 seditione
1529 807 1618 841 orta

165 867 379 927 expellitur
396 870 414 893 ²
426 869 442 893 ⁸
455 865 517 922 ⁹).
549 865 828 909 Callicratidas
851 877 944 910 ante
963 883 1141 926 pugnam
1157 865 1265 924 apud
1277 863 1507 920 Arginussas
1529 878 1621 905 cum

166 926 328 978 navium
350 941 466 991 parte
487 946 595 987 eum,
616 942 661 994 ut
676 935 885 977 Cononem
899 934 1110 977 obsessum
1123 940 1275 986 teneat,
1292 931 1486 988 relinquit
1497 936 1513 957 ²
1525 934 1542 957 ⁹
1553 930 1618 987 ⁰),

165 1016 264 1059 quas
294 1014 445 1053 naves,
482 1014 621 1057 pugna
651 999 872 1043 infeliciter
905 1000 1119 1043 commissa
1149 1009 1190 1042 et
1221 999 1428 1056 praefecto
1462 997 1618 1051 occiso,

166 1076 296 1112 astute
322 1064 370 1111 ¹in
398 1065 547 1109 chium
574 1065 754 1126 servavit
768 1070 814 1094 2⁹
828 1068 890 1125 ¹).
934 1069 1041 1111 Eum
1068 1083 1122 1110 ex
1149 1065 1289 1109 amicis
1314 1064 1622 1122 fautoribusque

191 1174 362 1213 uemdam
387 1174 547 1221 ejusdem
570 1182 635 1212 aut
656 1174 817 1225 aequalis
842 1174 921 1210 fere
942 1174 1084 1211 ordinis
1114 1187 1157 1212 ac
1188 1176 1403 1219 ἐπιστολέα,
1436 1174 1619 1210 dissensus

185 1230 323 1260 ortasse
345 1221 398 1258 ita
423 1223 601 1270 componi
628 1229 773 1270 potest:
809 1222 1005 1258 Mindarus
1033 1224 1297 1272 Hippocratem
1325 1229 1362 1258 et
1389 1221 1555 1270 Epielem
1580 1219 1620 1255 in

166 1270 358 1306 Euboeam
371 1269 483 1315 misit,
506 1276 548 1305 ut
560 1269 876 1316 Hegesandridam
899 1282 985 1305 cum
1006 1271 1119 1306 classe
1139 1270 1305 1306 accirent
1324 1268 1512 1317 (Thucyd.
1526 1267 1619 1302 vul.

170 1318 274 1357 107.)
313 1327 426 1364 quem
450 1316 557 1351 initio
580 1316 754 1364 Xenoph.
777 1316 909 1351 histor.
929 1328 974 1364 gr
1007 1328 1093 1352 cum
1107 1316 1370 1365 Thymochare
1395 1314 1530 1350 iterum
1558 1313 1621 1349 di-

168 1362 365 1400 micantem
388 1364 609 1410 reperimus.
661 1364 757 1406 Cum
785 1369 908 1406 tamen
936 1365 1015 1409 ejus
1043 1375 1157 1399 naves
1181 1374 1257 1399 nou
1288 1361 1328 1398 in
1355 1361 1521 1398 Mindari
1546 1373 1622 1396 nu·-

169 1422 273 1446 mero
300 1411 401 1458 apud
426 1412 597 1459 Abydum
623 1410 740 1446 inesse
793 1412 931 1456 assint,
964 1417 1008 1446 ut
1031 1411 1221 1466 Hrueger,
1249 1423 1285 1458 p.
1308 1411 1391 1446 3¹24.
1417 1421 1495 1458 sqq.
1521 1409 1623 1444 clare

169 1457 414 1503 demonstrat,
441 1470 562 1505 neque
586 1458 702 1496 Diod.
727 1459 761 1494 X
786 1457 827 1492 ll.
852 1459 910 1491 4¹.
938 1458 1170 1501 narrationi,
1206 1469 1326 1505 paene
1357 1468 1485 1493 omnes
1511 1464 1623 1491 naves

168 1504 301 1540 naufra
330 1504 367 1541 io
387 1504 542 1553 periisse
560 1505 787 1542 credendum
808 1504 854 1540 sit
875 1504 981 1547 (ibid.
1004 1506 1028 1542 l.
1049 1506 1106 1549 1.),
1146 1504 1408 1552 accipiendum
1425 1516 1503 1540 esse
1530 1515 1624 1538 cen-

170 1563 254 1596 seo,
281 1516 595 1599 Ifegesandridam
618 1553 739 1588 statim
757 1558 842 1599 post
868 1563 1026 1605 parvum
1052 1552 1235 1598 proelium
1254 1564 1340 1587 cum
1360 1550 1623 1598 Thymocbare

169 1610 191 1633 a
214 1597 394 1633 Mindaro
417 1610 495 1632 esse
518 1597 734 1642 demissum,
770 1604 808 1632 et
835 1598 1101 1646 Hippocratem
1129 1604 1319 1645 tamquam
1345 1597 1515 1633 Mindari
1538 1600 1624 1633 ἐπι-

168 1646 302 1681 στολέα
329 1643 388 1685 (in
403 1643 506 1681 illius
527 1643 663 1686 loco?)
686 1643 726 1680 in
745 1643 829 1680 Asia
847 1644 1079 1680 remansisse.
1128 1645 1233 1681 Hanc
1262 1644 1482 1680 sententiam
1511 1644 1624 1680 etiam

169 1693 365 1737 Rrueger,
392 1692 415 1726 Ι.
435 1692 459 1726 l.
486 1692 634 1739 probat.

218 1738 311 1777 285)
336 1735 615 1785 Cratesippidas
644 1738 744 1785 apud
771 1737 904 1774 Chium
936 1737 1077 1786 accipit
1103 1744 1215 1774 naves
1235 1759 1282 1766 —
1305 1738 1419 1774 Diod.
1440 1736 1540 1773 XIII.
1564 1737 1623 1772 65.

170 1790 344 1821 numerat
365 1784 480 1821 XXV.
517 1807 558 1812 —
613 1797 679 1821 uas
701 1784 922 1830 Eteonicus,
947 1784 1059 1821 Thasi
1081 1785 1305 1830 hai-mustea,
1340 1798 1360 1821 a
1385 1785 1495 1822 sociis
1518 1784 1625 1821 colle-

172 1838 290 1881 gerat.
317 1832 413 1866 Xen.
434 1831 574 1869 Hellen.
615 1858 624 1868 .
647 1835 681 1867 1.
702 1833 761 1868 32.
787 1832 874 1877 Ejus
895 1844 955 1868 res
980 1839 1101 1880 gestas
1126 1845 1195 1869 nec
1221 1834 1353 1868 multas
1376 1845 1446 1868 nec
1472 1843 1625 1879 magnas

172 1884 354 1915 memorat
375 1877 489 1914 Diod.
515 1878 614 1915 XIII.
641 1880 699 1916 65.
764 1905 767 1910 ,

220 1925 311 1966 286)
337 1924 365 1959 Ρ
408 1925 527 1972 ipidas
553 1924 745 1975 Spartanis
767 1933 979 1973 suspectus,
1017 1924 1121 1972 quasi
1150 1939 1235 1963 cum
1266 1926 1508 1963 Pharnabazo
1534 1925 1627 1960 Tha·

176 1972 250 2008 sios
292 1973 361 2008 adr
432 1972 613 2009 eclionem
652 1986 673 2009 a
712 1974 1016 2011 Lacedaemoniis
1052 1973 1247 2020 movisset,
1291 1973 1464 2021 Spartam
1497 1973 1628 2020 fugere

175 2019 336 2067 cogitur.
364 2020 459 2055 Xen.
484 2020 626 2055 Hellen.
650 2020 679 2054 Ι.
708 2024 735 2055 1.
759 2022 817 2056 32.
868 2022 958 2056 Mox
979 2028 1101 2056 tamen
1125 2022 1171 2056 ab
1195 2021 1296 2058 omni
1320 2021 1476 2057 crimine
1499 2020 1627 2055 libera-

175 2072 234 2102 tus
264 2072 441 2112 tanquam
468 2066 683 2106 ἐπιστολεὺς
708 2066 992 2114 Cratesippidae
1021 2067 1219 2110 adjunctus
1237 2080 1313 2103 esse
1333 2068 1502 2112 videtur,
1528 2066 1628 2114 quod

176 2114 273 2148 Xen.
297 2113 437 2148 Hellen.
459 2113 487 2148 l.
510 2115 544 2149 3.
569 2117 624 2149 17.
651 2124 760 2150 naves
784 2120 986 2157 memorat,
1023 2115 1063 2147 αἱ
1095 2109 1190 2157 ἦσαν
1219 2117 1261 2151 ἐν
1291 2117 1341 2158 τῷ
1368 2113 1628 2160 Ἑλλησπόντῳ

177 2157 287 2195 ἄλλαι
314 2157 408 2210 ἄλλῃ
430 2163 772 2208 καταλελειμμέναι
802 2162 1007 2208 φρουρίδες
1031 2159 1103 2195 ὑπὸ
1132 2163 1381 2197 Πασιππίδου
1408 2168 1444 2197 et
1470 2161 1512 2196 in
1535 2161 1630 2207 lega—

178 2213 302 2242 torum
331 2219 490 2244 numero
520 2215 594 2253 est,
631 2219 724 2256 quos
746 2206 1032 2243 Lacedaemonii
1059 2207 1106 2243 ad
1125 2207 1263 2256 Regem
1287 2206 1482 2245 miserunt.
1526 2209 1645 2255 Xen.,

179 2253 320 2289 Hellen.
350 2253 375 2290 l.
401 2257 435 2290 ὃ.
464 2259 515 2291 13.
542 2255 588 2292 cf.
611 2256 761 2299 Manso,
785 2254 940 2301 Sparta,
968 2253 1014 2289 ll.
1041 2267 1079 2302 p.
1097 2256 1179 2289 314.
1202 2261 1279 2290 not.
1303 2266 1339 2301 g.

226 2302 313 2344 287)
337 2302 436 2336 Xen.
462 2303 601 2339 Hellen.
627 2302 654 2338 l.
685 2306 716 2337 1.
742 2303 801 2336 25.
828 2300 875 2337 cf.
902 2301 929 2336 l.
956 2303 990 2337 3.
1021 2304 1077 2339 17.

224 2349 312 2389 288)
336 2347 428 2382 VIII.
456 2353 514 2384 23.

228 2395 318 2438 289)
345 2396 441 2430 Xen.
469 2396 609 2433 Hellen.
637 2395 663 2431 I.
693 2399 724 2430 1.
749 2396 809 2432 32.
991 2417 996 2421 ·

229 2440 317 2486 290)
341 2442 440 2477 Xen.
460 2442 599 2479 Hellen.
621 2442 649 2478 Ι.
670 2442 705 2477 6.
727 2442 786 2477 26.
812 2439 927 2477 αὐτοῦ
954 2440 1027 2489 μὲν
1054 2441 1228 2476 κατέλιπε
1259 2437 1494 2487 πεντήκοντα
1520 2442 1630 2487 ναῦς,

185 2489 248 2522 καὶ
274 2487 439 2537 ἄρχοντα
461 2489 682 2527 Ἐτεόνικον.
732 2487 954 2525 Eteonicum
984 2488 1080 2534 apud
1101 2486 1381 2523 Callicratidam
1409 2492 1633 2528 ἐπιστολέως

187 2543 339 2572 munera
362 2536 497 2572 obiisse
515 2548 585 2584 pro
607 2543 712 2574 certo
729 2535 906 2573 arbitror.
942 2556 952 2560 -
1002 2535 1083 2570 Non
1101 2533 1317 2570 incredibile
1336 2535 1501 2582 videtur,
1530 2548 1630 2580 eum,

187 2589 271 2615 cum
292 2583 486 2631 Lysandro
507 2591 544 2620 et
560 2591 689 2633 postea
711 2596 797 2620 cum
816 2580 991 2619 Anaxibio
1017 2583 1280 2626 conjunctum,
1305 2581 1362 2617 bis
1380 2584 1441 2618 vel
1465 2590 1525 2619 ter
1548 2587 1633 2620 ἑπι-

187 2630 342 2670 στολέως
374 2630 504 2667 officiis
536 2632 703 2668 functum
731 2643 827 2675 esse,
855 2628 942 2676 quia
964 2640 1039 2663 non
1062 2628 1256 2676 probabile
1274 2635 1348 2673 est,
1376 2629 1488 2666 etiam
1509 2630 1633 2667 classis

187 2669 358 2721 legatum,
377 2678 532 2714 minoris
544 2678 739 2715 Navarcho
748 2676 934 2720 momenti,
949 2675 1015 2711 sub
1028 2675 1089 2711 illa
1098 2676 1179 2722 lege
1190 2677 1500 2722 comprehensum
1510 2678 1631 2713 fuisse.

234 2721 321 2766 291)
349 2725 447 2760 Xen.
477 2724 616 2762 Hellen.
643 2725 670 2760 l.
696 2726 729 2766 6,
756 2728 814 2760 37.
842 2735 918 2770 sqq.

1258 2786 1291 2832 6
1316 2786 1342 2812 4
