1848 2919
851 107 1190 148 „23-

289 207 548 258 Damocritus
580 216 751 282 tyranno
788 206 1203 249 Lacedaemoniorum
1239 209 1284 250 in
1317 216 1505 253 ¹mentem
1547 208 1735 251 induxit:

288 272 503 327 „ademtis
539 272 749 316 maritimis
784 271 1014 324 cixitatibus
1052 280 1286 316 enervatam
1330 289 1421 319 esse
1443 274 1736 336 tyrannidem,

287 340 386 385 inde
398 340 580 385 militem
602 340 714 384 inde
715 356 851 384 naves
877 340 1125 396 navalesque
1147 339 1278 382 socios
1297 340 1490 384 habuisse
1515 368 1572 375 —-
1598 367 1655 374 -
1681 366 1738 373 —

287 398 445 461 nuilus*
457 408 686 452 exercitum
708 410 935 451 Romanum
960 407 1004 450 in
1028 405 1199 451 Graecia
1221 420 1338 449 esse:
1367 421 1444 449 nec
1466 419 1631 467 propter
1638 410 1737 484 ‘Gy-

287 475 451 529 thetim,
470 484 563 518 aut
572 474 796 524 maritimos
819 474 922 517 alios
947 470 1131 521 Laconas
1160 472 1325 529 dignam
1350 487 1511 515 causam
1530 475 1735 518 existima-

286 551 398 587 turos
416 543 645 596 Romanos,
677 556 748 595 cur
768 539 993 598 legiones
979 555 1022 583 ιιι
1038 539 1250 583 Graeciam
1265 554 1403 582 rursus
1422 539 1735 584 transmittant-'²

290 606 356 663 (a.
378 606 477 649 Chr.
504 606 602 650 193.
625 611 669 650 u}
692 622 728 650 c.
749 607 876 664 561.)

318 672 473 720 ‚Nabis
491 673 697 730 extemplo
722 673 826 715 circa
849 687 989 716 omnes
1012 671 1123 716 vicos
1141 669 1538 716 maritimosdimisit
1555 671 1608 715 ad
1625 671 1736 715 sedi-

286 738 421 784 tiones
443 738 487 781 in
511 738 565 782 iis
583 738 840 794 miscendas,
866 740 968 783 alios
976 738 1211 797 principum
1230 739 1347 782 donis
1367 739 1421 782 ad
1443 754 1558 785 suam
1570 754 1738 782 causam

285 804 501 862 perduxit,
531 805 635 846 alios
653 805 915 860 pertinaciter
934 807 986 848 in
991 806 1186 848 societate
1203 808 1388 847 Romana
1401 814 1610 869 magentes
1630 804 1737 848 occi-

286 870 361 913 dit.
400 868 560 913 Achaei
581 868 707 925 igitur
733 872 938 929 extemplo
963 881 1004 914 et
1025 871 1078 914 ad
1102 880 1316 930 tyrannum
1338 870 1498 944 legatos
1520 871 1735 925 miserunt,

286 936 358 993 qui
389 937 655 979 admonerent
691 937 873 981 foederis
910 954 1002 981 eum
1026 938 1224 994 Romani,
1264 928 1654 994 denunciarentque,
1684 953 1738 980 ne
1763 956 1765 958 ’

284 1018 453 1064 pacem,
485 1018 606 1059 quam
633 1014 847 1062 tantopere
874 1003 1066 1061 petisset,
1095 1004 1300 1059 turbaret3
1331 1014 1371 1047 et
1394 1004 1546 1047 auxilia
1574 1005 1626 1048 ad
1649 1007 1737 1063 Gy-

285 1068 450 1123 theum,
482 1070 591 1125 quod
607 1070 696 1125 jam
720 1071 1031 1128 oppugnabatur
1058 1085 1083 1113 a
1095 1079 1277 1136 ’tyranno
1307 1080 1348 1113 et
1373 1065 1567 1126 Romam,
1599 1070 1669 1127 qui
1689 1085 1738 1113 ea

285 1145 547 1189 nuncnrent,
577 1136 737 1192 legatos
768 1136 964 1178 miserunt
984 1142 996 1162 ¹
1010 1136 1273 1191 Η).1)11111
1299 1136 1473 1178 Romani
1505 1137 1558 1177 ad
1584 1137 1737 1178 bellum

286 1214 378 1244 cum
405 1200 610 1244 Antiocho
644 1216 690 1244 se
719 1209 983 1259 praeparant,
1013 1199 1143 1271 N*
1169 1215 1325 1243 summa
1358 1201 1400 1244 vi
1424 1201 1628 1260 Gytheum
1661 1216 1736 1258 op-

286 1267 497 1324 pugnabat
521 1276 564 1309 et
585 1266 771 1311 infensus
788 1267 989 1321 Achaeis,
1021 1266 1130 1322 quod
1157 1267 1350 1310 miserant
1374 1267 1551 1310 obsessis
1579 1268 1735 1325 praesi-

287 1334 423 1389 dium,
454 1349 576 1391 agros
597 1348 737 1376 eorum
758 1333 957 1376 vastabat.
987 1333 1146 1376 Achaei
1162 1333 1320 1390 legatos
1338 1348 1362 1376 a
1375 1335 1506 1376 Roma
1523 1343 1735 1392 exspecta-
1818 1379 1826 1393 ι

286 1400 402 1456 bant,
423 1400 493 1458 qui
510 1416 640 1457 quum
653 1400 809 1443 reversi
831 1409 981 1455 essent,
1004 1416 1144 1443 omnes
1161 1400 1205 1443 in
1226 1399 1395 1444 concilio
1407 1400 1582 1459 Sicyone
1597 1400 1736 1457 habito
1817 1393 1822 1417 ³*

286 1467 441 1509 bellum
465 1466 617 1517 Nabidi
638 1466 895 1507 inferendum
921 1476 1251 1508 censuerunt..
1759 1474 1764 1478 ’

321 1532 639 1590 Philopoemen
664 1530 829 1588 quidem
853 1531 991 1587 initio,
1032 1532 1141 1589 quod
1168 1535 1220 1576 T.
1238 1505 1459 1586 &metius
1486 1502 1640 1575 monuit
1666 1532 1735 1574 lit-

283 1599 386 1642 teris
408 1600 507 1656 ¹²⁵)
535 1608 576 1640 et
599 1598 689 1654 ipse
716 1608 932 1652 statuerat,
973 1598 1143 1641 classem
1164 1601 1412 1652 Romanam,
1450 1613 1555 1654 quae
1580 1613 1606 1640 a
1635 1598 1746 1640 mari

286 1665 494 1724 Gytheum
514 1663 619 1707 tueri
640 1673 803 1721 posset,
835 1673 1095 1721 exspectare3
1124 1664 1199 1707 sed
1217 1674 1401 1718 metuens
1412 1694 1426 1718 ,
1459 1679 1512 1706 ne
1532 1664 1736 1723 Gytheum

285 1732 417 1775 solum
441 1731 515 1774 sed
537 1727 787 1788 praesidium
811 1746 972 1787 quoque
1009 1728 1203 1772 dilatione
1242 1729 1513 1783 amitteretur,
1543 1730 1735 1793 AchaQ·

285 1816 375 1843 rum
395 1814 522 1842 naves
543 1796 729 1841 deduxit.
774 1800 989 1855 Tyrannus
1016 1811 1176 1852 quoque
1209 1795 1408 1839 modicam
1436 1796 1605 1839 classem
1632 1812 1735 1855 pau-

287 1882 424 1909 carum
445 1864 611 1908 navium
627 1864 960 1920 comparaverat,
991 1877 1110 1917 quam
1131 1862 1312 1918 quotidie
1336 1863 1557 1906 simulacris
1574 1879 1735 1920 pugnae

284 1931 443 1975 navalis
468 1929 701 1973 exercebat.
744 1931 914 1971 Praetor
937 1927 1232 1983 Achaeorum,¹
1250 1928 1354 1971 sicut
1373 1928 1622 1972 terrestrium
1646 1945 1734 1972 cer-

284 1997 481 2042 taminum
512 1996 580 2048 vel
613 2011 689 2037 usu
722 1994 790 2038 vel
820 1993 987 2050 ingenio
1020 1994 1197 2051 peritus,
1226 1994 1285 2038 ita
1308 1994 1421 2038 rudis
1454 1994 1497 2038 in
1528 2011 1573 2038 re
1593 1996 1735 2039 navali

285 2074 391 2118 erat3
421 2079 569 2107 navem
584 2063 674 2118 jam
705 2060 917 2117 octoginta·
931 2060 1048 2103 annis
1070 2070 1166 2104 ante
1190 2070 1347 2119 captam
1369 2071 1528 2118 putrem
1541 2063 1630 2122 jam
1658 2063 1734 2105 ad-

286 2132 451 2177 modum
479 2140 520 2172 et
541 2137 743 2172 vetustate
766 2094 1037 2182 dilabentem,
1068 2127 1120 2170 ab
1141 2127 1279 2183 Aegio
1304 2126 1450 2171 deduci
1463 2127 1602 2184 jussit.
1646 2132 1736 2171 Hac

286 2195 594 2254 tmpraetoria
612 2209 716 2237 nave
738 2193 1007 2250 praecedente
1029 2192 1220 2247 classem,
1251 2194 1513 2236 obcurrerunt
1529 2208 1554 2236 a
1572 2194 1733 2251 Gytheo

284 2240 494 2305 Laconum
517 2276 667 2313 nave-S,
700 2269 740 2302 et
768 2259 898 2316 primo
927 2259 1063 2302 statim
1087 2259 1256 2303 incursu
1270 2244 1322 2303 ad
1345 2275 1491 2302 novam
1517 2268 1557 2301 et
1580 2260 1734 2302 firmam

282 2343 430 2375 navem
463 2336 606 2402 vetus,
638 2341 741 2382 quae
775 2342 848 2385 per
878 2342 924 2369 se
951 2325 1041 2383 ipsa
1069 2325 1259 2369 omnibus
1295 2325 1557 2402 compagibus
1590 2339 1734 2381 aquam

282 2394 521 2453 acciperet,
527 2392 710 2436 divulsa
744 2402 826 2446 est,
866 2391 1050 2450 captique
1084 2408 1271 2450 (ιιιιιιθειλ
1289 2392 1357 2449 qui
1390 2392 1433 2440 in
1465 2406 1569 2435 nave
1604 2401 1732 2444 erant,

281 2461 459 2518 Reliqua
472 2459 635 2514 classis,
666 2459 870 2518 praetoria
889 2473 993 2502 nave
1014 2458 1175 2514 amissa,
1200 2460 1391 2516 quantum
1412 2473 1595 2517 quaeque
1612 2458 1736 2520 rem'jn

331 2602 422 2643 124)
448 2602 528 2637 Liv.
557 2605 716 2638 XXXV.
750 2606 803 2636 12.
839 2604 893 2637 13.

332 2650 422 2692 125)
446 2648 531 2686 Liv.
559 2651 716 2686 XXXV.
745 2652 806 2684 ¹25.-
