<?xml version="1.0" encoding="UTF-8"?>
<!DOCTYPE html PUBLIC "-//W3C//DTD XHTML 1.0 Transitional//EN"
    "http://www.w3.org/TR/xhtml1/DTD/xhtml1-transitional.dtd">
<html xmlns="http://www.w3.org/1999/xhtml" xml:lang="en" lang="en">
 <head>
  <title>
</title>
<meta http-equiv="Content-Type" content="text/html;charset=utf-8" />
  <meta name='ocr-system' content='tesseract 3.04.00' />
  <meta name='ocr-capabilities' content='ocr_page ocr_carea ocr_par ocr_line ocrx_word'/>
</head>
<body>
  <div class='ocr_page' id='page_1' title='image "4737211_0068.png"; bbox 0 0 1848 2919; ppageno 0'>
   <div class='ocr_carea' id='block_1_1' title="bbox 610 26 972 298">
    <p class='ocr_par' dir='ltr' id='par_1_1' title="bbox 610 26 972 298">
     <span class='ocr_line' id='line_1_1' title="bbox 610 26 691 104; baseline 0 -69"><span class='ocrx_word' id='word_1_1' title='bbox 610 26 691 104; x_wconf 39' lang='grc' dir='ltr'>ι</span> 
     </span>
     <span class='ocr_line' id='line_1_2' title="bbox 637 222 972 298; baseline -0.003 -42"><span class='ocrx_word' id='word_1_2' title='bbox 637 222 833 298; x_wconf 55' lang='lat' dir='ltr'><strong>—sv</strong></span> <span class='ocrx_word' id='word_1_3' title='bbox 915 247 972 255; x_wconf 78' lang='grc'>-</span> 
     </span>
    </p>
   </div>
   <div class='ocr_carea' id='block_1_2' title="bbox 41 317 1536 2105">
    <p class='ocr_par' dir='ltr' id='par_1_2' title="bbox 59 317 1536 1108">
     <span class='ocr_line' id='line_1_3' title="bbox 82 317 1536 383; baseline -0.004 -12"><span class='ocrx_word' id='word_1_4' title='bbox 82 330 244 377; x_wconf 83' lang='lat' dir='ltr'><strong>Jactura</strong></span> <span class='ocrx_word' id='word_1_5' title='bbox 265 317 404 368; x_wconf 78' lang='lat' dir='ltr'><strong>classis</strong></span> <span class='ocrx_word' id='word_1_6' title='bbox 426 324 723 383; x_wconf 86' lang='lat' dir='ltr'><strong>pulcherrimae</strong></span> <span class='ocrx_word' id='word_1_7' title='bbox 745 323 945 380; x_wconf 83' lang='lat' dir='ltr'><strong>omnium,</strong></span> <span class='ocrx_word' id='word_1_8' title='bbox 976 341 1077 383; x_wconf 83' lang='lat' dir='ltr'><strong>quas</strong></span> <span class='ocrx_word' id='word_1_9' title='bbox 1102 337 1282 383; x_wconf 86' lang='lat' dir='ltr'><strong>unquam</strong></span> <span class='ocrx_word' id='word_1_10' title='bbox 1302 322 1536 366; x_wconf 88' lang='lat' dir='ltr'><strong>Athenien-</strong></span> 
     </span>
     <span class='ocr_line' id='line_1_4' title="bbox 83 385 1533 451; baseline -0.001 -17"><span class='ocrx_word' id='word_1_11' title='bbox 83 407 148 435; x_wconf 88' lang='lat' dir='ltr'><strong>ses</strong></span> <span class='ocrx_word' id='word_1_12' title='bbox 181 406 206 433; x_wconf 91' lang='lat' dir='ltr'><strong>e</strong></span> <span class='ocrx_word' id='word_1_13' title='bbox 240 400 360 448; x_wconf 87' lang='lat' dir='ltr'><strong>portu</strong></span> <span class='ocrx_word' id='word_1_14' title='bbox 396 391 614 434; x_wconf 77' lang='lat' dir='ltr'><strong>emiserant</strong></span> <span class='ocrx_word' id='word_1_15' title='bbox 630 390 728 446; x_wconf 78' lang='lat'><strong>⁹⁵),</strong></span> <span class='ocrx_word' id='word_1_16' title='bbox 763 385 990 451; x_wconf 72' lang='lat' dir='ltr'><strong>perpetuae</strong></span> <span class='ocrx_word' id='word_1_17' title='bbox 1020 392 1151 435; x_wconf 85' lang='lat' dir='ltr'><strong>victus</strong></span> <span class='ocrx_word' id='word_1_18' title='bbox 1180 401 1222 434; x_wconf 92' lang='lat' dir='ltr'><strong>et</strong></span> <span class='ocrx_word' id='word_1_19' title='bbox 1245 390 1407 450; x_wconf 52' lang='lat' dir='ltr'><strong>arffnti</strong></span> <span class='ocrx_word' id='word_1_20' title='bbox 1431 390 1533 433; x_wconf 89' lang='lat' dir='ltr'><strong>sub-</strong></span> 
     </span>
     <span class='ocr_line' id='line_1_5' title="bbox 82 448 1530 515; baseline -0.002 -15"><span class='ocrx_word' id='word_1_21' title='bbox 82 455 288 501; x_wconf 76' lang='lat' dir='ltr'><strong>vectiones</strong></span> <span class='ocrx_word' id='word_1_22' title='bbox 306 458 382 515; x_wconf 81' lang='lat'><strong>⁹⁶)</strong></span> <span class='ocrx_word' id='word_1_23' title='bbox 415 457 620 505; x_wconf 72' lang='lat' dir='ltr'><strong>civitatem</strong></span> <span class='ocrx_word' id='word_1_24' title='bbox 646 448 839 514; x_wconf 61' lang='lat' dir='ltr'><strong>par-vani,</strong></span> <span class='ocrx_word' id='word_1_25' title='bbox 876 455 972 500; x_wconf 83' lang='lat' dir='ltr'><strong>licet</strong></span> <span class='ocrx_word' id='word_1_26' title='bbox 1003 457 1104 500; x_wconf 89' lang='lat' dir='ltr'><strong>belli</strong></span> <span class='ocrx_word' id='word_1_27' title='bbox 1137 457 1254 500; x_wconf 88' lang='lat' dir='ltr'><strong>initio</strong></span> <span class='ocrx_word' id='word_1_28' title='bbox 1283 456 1437 515; x_wconf 79' lang='lat' dir='ltr'><strong>optime</strong></span> <span class='ocrx_word' id='word_1_29' title='bbox 1463 456 1530 497; x_wconf 88' lang='lat' dir='ltr'><strong>in-</strong></span> 
     </span>
     <span class='ocr_line' id='line_1_6' title="bbox 82 509 1533 580; baseline -0.002 -14"><span class='ocrx_word' id='word_1_30' title='bbox 82 531 272 579; x_wconf 59' lang='lat' dir='ltr'><strong>structam</strong></span> <span class='ocrx_word' id='word_1_31' title='bbox 291 523 365 580; x_wconf 81' lang='lat'><strong>⁹⁷)</strong></span> <span class='ocrx_word' id='word_1_32' title='bbox 398 523 521 566; x_wconf 72' lang='lat' dir='ltr'><strong>valde</strong></span> <span class='ocrx_word' id='word_1_33' title='bbox 549 509 834 565; x_wconf 63' lang='lat' dir='ltr'><strong>debiffibant.</strong></span> <span class='ocrx_word' id='word_1_34' title='bbox 871 523 1075 579; x_wconf 74' lang='lat' dir='ltr'><strong>Plerique</strong></span> <span class='ocrx_word' id='word_1_35' title='bbox 1098 524 1223 580; x_wconf 85' lang='lat' dir='ltr'><strong>igitur</strong></span> <span class='ocrx_word' id='word_1_36' title='bbox 1249 522 1453 566; x_wconf 68' lang='lat' dir='ltr'><strong>sociorum</strong></span> <span class='ocrx_word' id='word_1_37' title='bbox 1479 522 1533 564; x_wconf 74' lang='lat' dir='ltr'><strong>ad</strong></span> 
     </span>
     <span class='ocr_line' id='line_1_7' title="bbox 82 586 1533 647; baseline 0 -16"><span class='ocrx_word' id='word_1_38' title='bbox 82 588 352 632; x_wconf 82' lang='lat' dir='ltr'><strong>defectionem</strong></span> <span class='ocrx_word' id='word_1_39' title='bbox 383 596 499 638; x_wconf 89' lang='lat' dir='ltr'><strong>erant</strong></span> <span class='ocrx_word' id='word_1_40' title='bbox 527 587 679 646; x_wconf 84' lang='lat' dir='ltr'><strong>parati,</strong></span> <span class='ocrx_word' id='word_1_41' title='bbox 717 587 834 644; x_wconf 51' lang='lat' dir='ltr'><strong>quod¹</strong></span> <span class='ocrx_word' id='word_1_42' title='bbox 857 586 913 643; x_wconf 59' lang='lat' dir='ltr'><strong>&#39;ab</strong></span> <span class='ocrx_word' id='word_1_43' title='bbox 938 587 1259 633; x_wconf 77' lang='lat' dir='ltr'><strong>Atheniensibus</strong></span> <span class='ocrx_word' id='word_1_44' title='bbox 1286 593 1411 647; x_wconf 83' lang='lat' dir='ltr'><strong>saepe</strong></span> <span class='ocrx_word' id='word_1_45' title='bbox 1436 591 1533 631; x_wconf 73' lang='lat' dir='ltr'><strong>cru-</strong></span> 
     </span>
     <span class='ocr_line' id='line_1_8' title="bbox 81 639 1532 727; baseline -0.001 -29"><span class='ocrx_word' id='word_1_46' title='bbox 81 655 228 698; x_wconf 82' lang='lat' dir='ltr'><strong>delitet</strong></span> <span class='ocrx_word' id='word_1_47' title='bbox 252 639 591 727; x_wconf 40' lang='lat' dir='ltr'><strong>tractaffisent,</strong></span> <span class='ocrx_word' id='word_1_48' title='bbox 622 654 663 697; x_wconf 80' lang='lat' dir='ltr'><strong>et</strong></span> <span class='ocrx_word' id='word_1_49' title='bbox 684 653 968 708; x_wconf 84' lang='lat' dir='ltr'><strong>Euboeenses‚</strong></span> <span class='ocrx_word' id='word_1_50' title='bbox 1009 654 1178 709; x_wconf 88' lang='lat' dir='ltr'><strong>Lesbii,</strong></span> <span class='ocrx_word' id='word_1_51' title='bbox 1220 654 1314 698; x_wconf 79' lang='lat' dir='ltr'><strong>Chii</strong></span> <span class='ocrx_word' id='word_1_52' title='bbox 1348 665 1389 697; x_wconf 92' lang='lat' dir='ltr'><strong>et</strong></span> <span class='ocrx_word' id='word_1_53' title='bbox 1421 656 1532 713; x_wconf 87' lang='lat' dir='ltr'><strong>Ery-</strong></span> 
     </span>
     <span class='ocr_line' id='line_1_9' title="bbox 79 714 1529 779; baseline 0.001 -14"><span class='ocrx_word' id='word_1_54' title='bbox 79 721 212 765; x_wconf 86' lang='lat' dir='ltr'><strong>thraei</strong></span> <span class='ocrx_word' id='word_1_55' title='bbox 233 721 390 775; x_wconf 82' lang='lat' dir='ltr'><strong>statim,</strong></span> <span class='ocrx_word' id='word_1_56' title='bbox 419 714 467 762; x_wconf 81' lang='lat' dir='ltr'><strong>r&#39;e</strong></span> <span class='ocrx_word' id='word_1_57' title='bbox 484 719 643 775; x_wconf 81' lang='lat' dir='ltr'><strong>audita,</strong></span> <span class='ocrx_word' id='word_1_58' title='bbox 676 719 719 762; x_wconf 90' lang='lat' dir='ltr'><strong>in</strong></span> <span class='ocrx_word' id='word_1_59' title='bbox 731 720 1020 777; x_wconf 75' lang='lat' dir='ltr'><strong>Spartanorum</strong></span> <span class='ocrx_word' id='word_1_60' title='bbox 1038 728 1175 776; x_wconf 82' lang='lat' dir='ltr'><strong>partes</strong></span> <span class='ocrx_word' id='word_1_61' title='bbox 1197 720 1422 766; x_wconf 78' lang='lat' dir='ltr'><strong>transibant</strong></span> <span class='ocrx_word' id='word_1_62' title='bbox 1436 726 1453 749; x_wconf 83' lang='lat'>⁹</span> <span class='ocrx_word' id='word_1_63' title='bbox 1464 723 1529 779; x_wconf 84' lang='lat'><strong>⁸).</strong></span> 
     </span>
     <span class='ocr_line' id='line_1_10' title="bbox 59 784 1531 842; baseline 0 -13"><span class='ocrx_word' id='word_1_64' title='bbox 59 786 219 832; x_wconf 69' lang='lat' dir='ltr'><strong>,Ceteri</strong></span> <span class='ocrx_word' id='word_1_65' title='bbox 247 800 410 842; x_wconf 88' lang='lat' dir='ltr'><strong>quoque</strong></span> <span class='ocrx_word' id='word_1_66' title='bbox 433 784 603 839; x_wconf 84' lang='lat' dir='ltr'><strong>Graeci,</strong></span> <span class='ocrx_word' id='word_1_67' title='bbox 631 785 702 842; x_wconf 88' lang='lat' dir='ltr'><strong>qui</strong></span> <span class='ocrx_word' id='word_1_68' title='bbox 723 794 866 828; x_wconf 87' lang='lat' dir='ltr'><strong>neutra</strong></span> <span class='ocrx_word' id='word_1_69' title='bbox 887 800 942 827; x_wconf 84' lang='lat' dir='ltr'><strong>ex</strong></span> <span class='ocrx_word' id='word_1_70' title='bbox 966 793 1082 841; x_wconf 81' lang='lat' dir='ltr'><strong>parte</strong></span> <span class='ocrx_word' id='word_1_71' title='bbox 1105 785 1291 839; x_wconf 83' lang='lat' dir='ltr'><strong>stabant,</strong></span> <span class='ocrx_word' id='word_1_72' title='bbox 1320 787 1531 829; x_wconf 82' lang='lat' dir='ltr'><strong>Lacedae-</strong></span> 
     </span>
     <span class='ocr_line' id='line_1_11' title="bbox 81 849 1534 909; baseline -0.001 -14"><span class='ocrx_word' id='word_1_73' title='bbox 81 850 230 909; x_wconf 84' lang='lat' dir='ltr'><strong>moniis</strong></span> <span class='ocrx_word' id='word_1_74' title='bbox 240 850 458 906; x_wconf 81' lang='lat' dir='ltr'><strong>favebant,</strong></span> <span class='ocrx_word' id='word_1_75' title='bbox 488 866 580 894; x_wconf 90' lang='lat' dir='ltr'><strong>cum</strong></span> <span class='ocrx_word' id='word_1_76' title='bbox 600 851 711 895; x_wconf 89' lang='lat' dir='ltr'><strong>haud</strong></span> <span class='ocrx_word' id='word_1_77' title='bbox 730 850 880 908; x_wconf 84' lang='lat' dir='ltr'><strong>injuria</strong></span> <span class='ocrx_word' id='word_1_78' title='bbox 901 849 1224 908; x_wconf 88' lang='lat' dir='ltr'><strong>suspicarentur,</strong></span> <span class='ocrx_word' id='word_1_79' title='bbox 1252 850 1534 894; x_wconf 78' lang='lat' dir='ltr'><strong>Athenienses</strong></span> 
     </span>
     <span class='ocr_line' id='line_1_12' title="bbox 81 915 1531 974; baseline -0.001 -13"><span class='ocrx_word' id='word_1_80' title='bbox 81 917 193 961; x_wconf 77' lang='lat' dir='ltr'><strong>bello</strong></span> <span class='ocrx_word' id='word_1_81' title='bbox 213 915 259 959; x_wconf 81' lang='lat' dir='ltr'><strong>&#39;in</strong></span> <span class='ocrx_word' id='word_1_82' title='bbox 279 917 421 962; x_wconf 83' lang='lat' dir='ltr'><strong>Sicilia</strong></span> <span class='ocrx_word' id='word_1_83' title='bbox 443 917 618 961; x_wconf 84' lang='lat' dir='ltr'><strong>feliciter</strong></span> <span class='ocrx_word' id='word_1_84' title='bbox 638 926 757 974; x_wconf 83' lang='lat' dir='ltr'><strong>gesto</strong></span> <span class='ocrx_word' id='word_1_85' title='bbox 784 917 905 961; x_wconf 87' lang='lat' dir='ltr'><strong>etiam</strong></span> <span class='ocrx_word' id='word_1_86' title='bbox 928 932 975 960; x_wconf 86' lang='lat' dir='ltr'><strong>se</strong></span> <span class='ocrx_word' id='word_1_87' title='bbox 994 931 1260 973; x_wconf 83' lang='lat' dir='ltr'><strong>aggressuros</strong></span> <span class='ocrx_word' id='word_1_88' title='bbox 1281 916 1412 960; x_wconf 86' lang='lat' dir='ltr'><strong>fuisse</strong></span> <span class='ocrx_word' id='word_1_89' title='bbox 1432 920 1449 943; x_wconf 80' lang='lat'>⁹</span> <span class='ocrx_word' id='word_1_90' title='bbox 1461 918 1531 974; x_wconf 81' lang='lat'><strong>⁹),</strong></span> 
     </span>
     <span class='ocr_line' id='line_1_13' title="bbox 82 982 1530 1042; baseline 0 -16"><span class='ocrx_word' id='word_1_91' title='bbox 82 993 123 1027; x_wconf 92' lang='lat' dir='ltr'><strong>et</strong></span> <span class='ocrx_word' id='word_1_92' title='bbox 142 993 354 1041; x_wconf 83' lang='lat' dir='ltr'><strong>sperarent</strong></span> <span class='ocrx_word' id='word_1_93' title='bbox 375 983 464 1027; x_wconf 83' lang='lat' dir='ltr'><strong>fore</strong></span> <span class='ocrx_word' id='word_1_94' title='bbox 481 993 527 1027; x_wconf 91' lang='lat' dir='ltr'><strong>ut</strong></span> <span class='ocrx_word' id='word_1_95' title='bbox 540 983 840 1038; x_wconf 84' lang='lat' dir='ltr'><strong>Athenienses,</strong></span> <span class='ocrx_word' id='word_1_96' title='bbox 869 991 1082 1040; x_wconf 86' lang='lat' dir='ltr'><strong>tantopere</strong></span> <span class='ocrx_word' id='word_1_97' title='bbox 1105 982 1285 1039; x_wconf 86' lang='lat' dir='ltr'><strong>undique</strong></span> <span class='ocrx_word' id='word_1_98' title='bbox 1301 982 1530 1042; x_wconf 83' lang='lat' dir='ltr'><strong>profligati,</strong></span> 
     </span>
     <span class='ocr_line' id='line_1_14' title="bbox 80 1050 664 1108; baseline 0.002 -15"><span class='ocrx_word' id='word_1_99' title='bbox 80 1065 179 1093; x_wconf 89' lang='lat' dir='ltr'><strong>mox</strong></span> <span class='ocrx_word' id='word_1_100' title='bbox 201 1050 509 1093; x_wconf 82' lang='lat' dir='ltr'><strong>succumberent</strong></span> <span class='ocrx_word' id='word_1_101' title='bbox 528 1055 541 1078; x_wconf 81' lang='lat'><em>¹</em></span> <span class='ocrx_word' id='word_1_102' title='bbox 554 1050 664 1108; x_wconf 78' lang='lat'><strong>⁰⁰).&#39;</strong></span> 
     </span>
    </p>

    <p class='ocr_par' dir='ltr' id='par_1_3' title="bbox 41 1115 1535 2105">
     <span class='ocr_line' id='line_1_15' title="bbox 41 1115 1530 1172; baseline 0.001 -15"><span class='ocrx_word' id='word_1_103' title='bbox 41 1160 44 1163; x_wconf 27' lang='lat' dir='ltr'><em>s</em></span> <span class='ocrx_word' id='word_1_104' title='bbox 135 1115 450 1158; x_wconf 88' lang='lat' dir='ltr'><strong>Lacedaemonii</strong></span> <span class='ocrx_word' id='word_1_105' title='bbox 477 1115 602 1172; x_wconf 82' lang='lat' dir='ltr'><strong>igitur</strong></span> <span class='ocrx_word' id='word_1_106' title='bbox 632 1117 729 1159; x_wconf 89' lang='lat' dir='ltr'><strong>totis</strong></span> <span class='ocrx_word' id='word_1_107' title='bbox 761 1117 916 1160; x_wconf 84' lang='lat' dir='ltr'><strong>viribus</strong></span> <span class='ocrx_word' id='word_1_108' title='bbox 945 1115 1099 1158; x_wconf 91' lang='lat' dir='ltr'><strong>bellum</strong></span> <span class='ocrx_word' id='word_1_109' title='bbox 1131 1115 1412 1172; x_wconf 81' lang='lat' dir='ltr'><strong>redintegrare</strong></span> <span class='ocrx_word' id='word_1_110' title='bbox 1442 1124 1530 1159; x_wconf 89' lang='lat' dir='ltr'><strong>sta-</strong></span> 
     </span>
     <span class='ocr_line' id='line_1_16' title="bbox 79 1181 1528 1239; baseline 0.001 -15"><span class='ocrx_word' id='word_1_111' title='bbox 79 1190 264 1237; x_wconf 87' lang='lat' dir='ltr'><strong>tuerunt,</strong></span> <span class='ocrx_word' id='word_1_112' title='bbox 293 1181 511 1239; x_wconf 86' lang='lat' dir='ltr'><strong>praecipue</strong></span> <span class='ocrx_word' id='word_1_113' title='bbox 533 1197 624 1225; x_wconf 91' lang='lat' dir='ltr'><strong>cum</strong></span> <span class='ocrx_word' id='word_1_114' title='bbox 644 1182 878 1226; x_wconf 86' lang='lat' dir='ltr'><strong>Sicilienses</strong></span> <span class='ocrx_word' id='word_1_115' title='bbox 898 1198 996 1227; x_wconf 87' lang='lat' dir='ltr'><strong>vere</strong></span> <span class='ocrx_word' id='word_1_116' title='bbox 1015 1182 1185 1226; x_wconf 88' lang='lat' dir='ltr'><strong>ineunte</strong></span> <span class='ocrx_word' id='word_1_117' title='bbox 1209 1181 1432 1233; x_wconf 79' lang='lat' dir='ltr'><strong>auxiliares</strong></span> <span class='ocrx_word' id='word_1_118' title='bbox 1456 1197 1528 1225; x_wconf 86' lang='lat' dir='ltr'><strong>co-</strong></span> 
     </span>
     <span class='ocr_line' id='line_1_17' title="bbox 77 1246 1529 1305; baseline 0.001 -16"><span class='ocrx_word' id='word_1_119' title='bbox 77 1247 167 1305; x_wconf 85' lang='lat' dir='ltr'><strong>pias</strong></span> <span class='ocrx_word' id='word_1_120' title='bbox 190 1256 232 1291; x_wconf 87' lang='lat' dir='ltr'><strong>et</strong></span> <span class='ocrx_word' id='word_1_121' title='bbox 253 1262 379 1291; x_wconf 86' lang='lat' dir='ltr'><strong>naves</strong></span> <span class='ocrx_word' id='word_1_122' title='bbox 402 1247 565 1290; x_wconf 86' lang='lat' dir='ltr'><strong>missuri</strong></span> <span class='ocrx_word' id='word_1_123' title='bbox 588 1257 724 1293; x_wconf 89' lang='lat' dir='ltr'><strong>essent</strong></span> <span class='ocrx_word' id='word_1_124' title='bbox 745 1254 789 1276; x_wconf 87' lang='lat'><strong>¹⁰</strong></span> <span class='ocrx_word' id='word_1_125' title='bbox 802 1249 863 1305; x_wconf 83' lang='lat'><strong>¹).</strong></span> <span class='ocrx_word' id='word_1_126' title='bbox 911 1251 1017 1292; x_wconf 87' lang='lat' dir='ltr'><strong>Nam</strong></span> <span class='ocrx_word' id='word_1_127' title='bbox 1036 1248 1137 1291; x_wconf 89' lang='lat' dir='ltr'><strong>belli</strong></span> <span class='ocrx_word' id='word_1_128' title='bbox 1158 1246 1422 1292; x_wconf 79' lang='lat' dir='ltr'><strong>diuturnitate</strong></span> <span class='ocrx_word' id='word_1_129' title='bbox 1439 1249 1529 1304; x_wconf 77' lang='lat' dir='ltr'><strong>jam</strong></span> 
     </span>
     <span class='ocr_line' id='line_1_18' title="bbox 79 1313 1527 1375; baseline 0 -19"><span class='ocrx_word' id='word_1_130' title='bbox 79 1314 233 1357; x_wconf 87' lang='lat' dir='ltr'><strong>dudum</strong></span> <span class='ocrx_word' id='word_1_131' title='bbox 254 1323 551 1370; x_wconf 83' lang='lat' dir='ltr'><strong>cognoverant,</strong></span> <span class='ocrx_word' id='word_1_132' title='bbox 580 1313 856 1357; x_wconf 87' lang='lat' dir='ltr'><strong>Athenienses</strong></span> <span class='ocrx_word' id='word_1_133' title='bbox 880 1323 967 1356; x_wconf 87' lang='lat' dir='ltr'><strong>tum</strong></span> <span class='ocrx_word' id='word_1_134' title='bbox 990 1314 1157 1375; x_wconf 82' lang='lat' dir='ltr'><strong>demum·</strong></span> <span class='ocrx_word' id='word_1_135' title='bbox 1174 1313 1358 1371; x_wconf 85' lang='lat' dir='ltr'><strong>superari</strong></span> <span class='ocrx_word' id='word_1_136' title='bbox 1379 1329 1527 1370; x_wconf 86' lang='lat' dir='ltr'><strong>posse,</strong></span> 
     </span>
     <span class='ocr_line' id='line_1_19' title="bbox 80 1378 1533 1438; baseline 0 -15"><span class='ocrx_word' id='word_1_137' title='bbox 80 1394 171 1423; x_wconf 90' lang='lat' dir='ltr'><strong>cum</strong></span> <span class='ocrx_word' id='word_1_138' title='bbox 198 1378 301 1423; x_wconf 86' lang='lat' dir='ltr'><strong>mari</strong></span> <span class='ocrx_word' id='word_1_139' title='bbox 330 1380 463 1430; x_wconf 81' lang='lat' dir='ltr'><strong>minus</strong></span> <span class='ocrx_word' id='word_1_140' title='bbox 486 1380 693 1438; x_wconf 75' lang='lat' dir='ltr'><strong>valerent,</strong></span> <span class='ocrx_word' id='word_1_141' title='bbox 713 1384 845 1437; x_wconf 74' lang='lat' dir='ltr'><strong>quam</strong></span> <span class='ocrx_word' id='word_1_142' title='bbox 865 1380 919 1423; x_wconf 86' lang='lat' dir='ltr'><strong>ob</strong></span> <span class='ocrx_word' id='word_1_143' title='bbox 941 1395 1030 1436; x_wconf 87' lang='lat' dir='ltr'><strong>rem</strong></span> <span class='ocrx_word' id='word_1_144' title='bbox 1050 1379 1266 1438; x_wconf 88' lang='lat' dir='ltr'><strong>imperium</strong></span> <span class='ocrx_word' id='word_1_145' title='bbox 1289 1379 1533 1423; x_wconf 73' lang='lat' dir='ltr'><strong>maritimum</strong></span> 
     </span>
     <span class='ocr_line' id='line_1_20' title="bbox 79 1446 1534 1504; baseline -0.001 -15"><span class='ocrx_word' id='word_1_146' title='bbox 79 1446 158 1489; x_wconf 89' lang='lat' dir='ltr'><strong>sibi</strong></span> <span class='ocrx_word' id='word_1_147' title='bbox 169 1446 458 1502; x_wconf 86' lang='lat' dir='ltr'><strong>acquirendum</strong></span> <span class='ocrx_word' id='word_1_148' title='bbox 469 1461 559 1489; x_wconf 86' lang='lat' dir='ltr'><strong>esse</strong></span> <span class='ocrx_word' id='word_1_149' title='bbox 573 1447 808 1491; x_wconf 84' lang='lat' dir='ltr'><strong>censebant.</strong></span> <span class='ocrx_word' id='word_1_150' title='bbox 838 1450 982 1504; x_wconf 81' lang='lat' dir='ltr'><strong>ltaque</strong></span> <span class='ocrx_word' id='word_1_151' title='bbox 994 1446 1103 1503; x_wconf 80' lang='lat' dir='ltr'><strong>Agis</strong></span> <span class='ocrx_word' id='word_1_152' title='bbox 1115 1446 1250 1490; x_wconf 89' lang='lat' dir='ltr'><strong>hieme</strong></span> <span class='ocrx_word' id='word_1_153' title='bbox 1260 1446 1365 1489; x_wconf 82' lang='lat' dir='ltr'><strong>hanc</strong></span> <span class='ocrx_word' id='word_1_154' title='bbox 1377 1446 1534 1489; x_wconf 81' lang='lat' dir='ltr'><strong>cladem</strong></span> 
     </span>
     <span class='ocr_line' id='line_1_21' title="bbox 78 1508 1530 1574; baseline 0 -20"><span class='ocrx_word' id='word_1_155' title='bbox 78 1510 319 1574; x_wconf 54' lang='lat' dir='ltr'><strong>insequente</strong></span> <span class='ocrx_word' id='word_1_156' title='bbox 342 1528 366 1555; x_wconf 89' lang='lat' dir='ltr'><strong>e</strong></span> <span class='ocrx_word' id='word_1_157' title='bbox 385 1513 566 1555; x_wconf 86' lang='lat' dir='ltr'><strong>Decelea</strong></span> <span class='ocrx_word' id='word_1_158' title='bbox 590 1508 797 1570; x_wconf 84' lang='lat' dir='ltr'><strong>profectus</strong></span> <span class='ocrx_word' id='word_1_159' title='bbox 816 1512 1011 1570; x_wconf 88' lang='lat' dir='ltr'><strong>pecunias</strong></span> <span class='ocrx_word' id='word_1_160' title='bbox 1032 1512 1086 1555; x_wconf 90' lang='lat' dir='ltr'><strong>ad</strong></span> <span class='ocrx_word' id='word_1_161' title='bbox 1114 1513 1286 1556; x_wconf 85' lang='lat' dir='ltr'><strong>classem</strong></span> <span class='ocrx_word' id='word_1_162' title='bbox 1313 1515 1530 1556; x_wconf 64' lang='lat' dir='ltr'><strong>exsti-isen-</strong></span> 
     </span>
     <span class='ocr_line' id='line_1_22' title="bbox 79 1577 1530 1635; baseline 0.001 -16"><span class='ocrx_word' id='word_1_163' title='bbox 79 1578 174 1620; x_wconf 90' lang='lat' dir='ltr'><strong>dam</strong></span> <span class='ocrx_word' id='word_1_164' title='bbox 201 1578 359 1634; x_wconf 87' lang='lat' dir='ltr'><strong>coegit,</strong></span> <span class='ocrx_word' id='word_1_165' title='bbox 391 1587 433 1620; x_wconf 91' lang='lat' dir='ltr'><strong>et</strong></span> <span class='ocrx_word' id='word_1_166' title='bbox 459 1577 648 1633; x_wconf 86' lang='lat' dir='ltr'><strong>Spartani</strong></span> <span class='ocrx_word' id='word_1_167' title='bbox 676 1577 761 1635; x_wconf 88' lang='lat' dir='ltr'><strong>ipsi</strong></span> <span class='ocrx_word' id='word_1_168' title='bbox 778 1588 938 1620; x_wconf 90' lang='lat' dir='ltr'><strong>centum</strong></span> <span class='ocrx_word' id='word_1_169' title='bbox 960 1592 1086 1620; x_wconf 85' lang='lat' dir='ltr'><strong>naves</strong></span> <span class='ocrx_word' id='word_1_170' title='bbox 1112 1578 1337 1635; x_wconf 87' lang='lat' dir='ltr'><strong>comparari</strong></span> <span class='ocrx_word' id='word_1_171' title='bbox 1356 1579 1530 1620; x_wconf 86' lang='lat' dir='ltr'><strong>manda-</strong></span> 
     </span>
     <span class='ocr_line' id='line_1_23' title="bbox 77 1641 1527 1700; baseline 0 -14"><span class='ocrx_word' id='word_1_172' title='bbox 77 1653 194 1698; x_wconf 88' lang='lat' dir='ltr'><strong>runt,</strong></span> <span class='ocrx_word' id='word_1_173' title='bbox 223 1658 388 1700; x_wconf 87' lang='lat' dir='ltr'><strong>quarum</strong></span> <span class='ocrx_word' id='word_1_174' title='bbox 412 1641 493 1700; x_wconf 85' lang='lat' dir='ltr'><strong>ipsi</strong></span> <span class='ocrx_word' id='word_1_175' title='bbox 515 1651 557 1686; x_wconf 90' lang='lat' dir='ltr'><strong>et</strong></span> <span class='ocrx_word' id='word_1_176' title='bbox 574 1642 723 1686; x_wconf 89' lang='lat' dir='ltr'><strong>Boeoti</strong></span> <span class='ocrx_word' id='word_1_177' title='bbox 742 1642 906 1689; x_wconf 83' lang='lat' dir='ltr'><strong>vicenas</strong></span> <span class='ocrx_word' id='word_1_178' title='bbox 931 1642 1095 1700; x_wconf 86' lang='lat' dir='ltr'><strong>quinas,</strong></span> <span class='ocrx_word' id='word_1_179' title='bbox 1125 1644 1357 1690; x_wconf 86' lang='lat' dir='ltr'><strong>Phocenses</strong></span> <span class='ocrx_word' id='word_1_180' title='bbox 1380 1653 1423 1686; x_wconf 90' lang='lat' dir='ltr'><strong>et</strong></span> <span class='ocrx_word' id='word_1_181' title='bbox 1441 1646 1527 1686; x_wconf 91' lang='lat' dir='ltr'><strong>L&#39;o-</strong></span> 
     </span>
     <span class='ocr_line' id='line_1_24' title="bbox 78 1708 1530 1765; baseline 0.001 -14"><span class='ocrx_word' id='word_1_182' title='bbox 78 1724 241 1752; x_wconf 85' lang='lat' dir='ltr'><strong>crences</strong></span> <span class='ocrx_word' id='word_1_183' title='bbox 262 1709 510 1765; x_wconf 78' lang='lat' dir='ltr'><strong>quindecim,</strong></span> <span class='ocrx_word' id='word_1_184' title='bbox 536 1708 737 1752; x_wconf 80' lang='lat' dir='ltr'><strong>Corinthii</strong></span> <span class='ocrx_word' id='word_1_185' title='bbox 757 1708 1002 1765; x_wconf 85' lang='lat' dir='ltr'><strong>quindecim,</strong></span> <span class='ocrx_word' id='word_1_186' title='bbox 1032 1710 1232 1763; x_wconf 80' lang='lat' dir='ltr'><strong>Arcades,</strong></span> <span class='ocrx_word' id='word_1_187' title='bbox 1262 1710 1530 1762; x_wconf 77' lang='lat' dir='ltr'><strong>Pellenenses</strong></span> 
     </span>
     <span class='ocr_line' id='line_1_25' title="bbox 79 1774 1529 1835; baseline 0.001 -17"><span class='ocrx_word' id='word_1_188' title='bbox 79 1784 120 1818; x_wconf 90' lang='lat' dir='ltr'><strong>et</strong></span> <span class='ocrx_word' id='word_1_189' title='bbox 140 1774 322 1835; x_wconf 85' lang='lat' dir='ltr'><strong>Sicyonii</strong></span> <span class='ocrx_word' id='word_1_190' title='bbox 342 1775 507 1830; x_wconf 82' lang='lat' dir='ltr'><strong>decem,</strong></span> <span class='ocrx_word' id='word_1_191' title='bbox 537 1778 828 1832; x_wconf 73' lang='lat' dir='ltr'><strong>MegarenseS,</strong></span> <span class='ocrx_word' id='word_1_192' title='bbox 857 1775 1073 1820; x_wconf 83' lang='lat' dir='ltr'><strong>Troezenii</strong></span> <span class='ocrx_word' id='word_1_193' title='bbox 1079 1774 1339 1833; x_wconf 35' lang='lat' dir='ltr'><strong>,rEpidaurii</strong></span> <span class='ocrx_word' id='word_1_194' title='bbox 1359 1777 1529 1820; x_wconf 61' lang='lat' dir='ltr'><strong>etflor-</strong></span> 
     </span>
     <span class='ocr_line' id='line_1_26' title="bbox 77 1840 1535 1898; baseline 0.001 -15"><span class='ocrx_word' id='word_1_195' title='bbox 77 1840 308 1884; x_wconf 90' lang='lat' dir='ltr'><strong>mionenses</strong></span> <span class='ocrx_word' id='word_1_196' title='bbox 336 1841 479 1884; x_wconf 88' lang='lat' dir='ltr'><strong>decem</strong></span> <span class='ocrx_word' id='word_1_197' title='bbox 506 1841 783 1898; x_wconf 43' lang='lat' dir='ltr'><strong>praeberet&amp;¹</strong></span> <span class='ocrx_word' id='word_1_198' title='bbox 796 1841 886 1898; x_wconf 86' lang='lat'><strong>⁰²).</strong></span> <span class='ocrx_word' id='word_1_199' title='bbox 961 1874 965 1877; x_wconf 15' lang='grc' dir='ltr'>κ</span> <span class='ocrx_word' id='word_1_200' title='bbox 1532 1850 1535 1854; x_wconf 81' lang='grc'><strong>’</strong></span> 
     </span>
     <span class='ocr_line' id='line_1_27' title="bbox 134 1906 1530 1965; baseline 0.001 -16"><span class='ocrx_word' id='word_1_201' title='bbox 134 1907 220 1949; x_wconf 86' lang='lat' dir='ltr'><strong>Sed</strong></span> <span class='ocrx_word' id='word_1_202' title='bbox 250 1906 317 1949; x_wconf 85' lang='lat' dir='ltr'><strong>hic</strong></span> <span class='ocrx_word' id='word_1_203' title='bbox 349 1922 509 1963; x_wconf 90' lang='lat' dir='ltr'><strong>quoque</strong></span> <span class='ocrx_word' id='word_1_204' title='bbox 535 1916 721 1961; x_wconf 85' lang='lat' dir='ltr'><strong>conatus,</strong></span> <span class='ocrx_word' id='word_1_205' title='bbox 758 1906 795 1949; x_wconf 89' lang='lat' dir='ltr'><strong>si</strong></span> <span class='ocrx_word' id='word_1_206' title='bbox 823 1907 1131 1965; x_wconf 86' lang='lat' dir='ltr'><strong>Peloponnesiis</strong></span> <span class='ocrx_word' id='word_1_207' title='bbox 1155 1908 1288 1951; x_wconf 89' lang='lat' dir='ltr'><strong>solum</strong></span> <span class='ocrx_word' id='word_1_208' title='bbox 1324 1917 1367 1950; x_wconf 88' lang='lat' dir='ltr'><strong>et</strong></span> <span class='ocrx_word' id='word_1_209' title='bbox 1393 1909 1530 1951; x_wconf 84' lang='lat' dir='ltr'><strong>Lace-</strong></span> 
     </span>
     <span class='ocr_line' id='line_1_28' title="bbox 79 1966 1529 2031; baseline 0.001 -15"><span class='ocrx_word' id='word_1_210' title='bbox 79 1973 301 2017; x_wconf 87' lang='lat' dir='ltr'><strong>daemoniis</strong></span> <span class='ocrx_word' id='word_1_211' title='bbox 324 1983 433 2017; x_wconf 88' lang='lat' dir='ltr'><strong>esset</strong></span> <span class='ocrx_word' id='word_1_212' title='bbox 456 1973 592 2029; x_wconf 85' lang='lat' dir='ltr'><strong>nisus,</strong></span> <span class='ocrx_word' id='word_1_213' title='bbox 622 1974 805 2031; x_wconf 82' lang='lat' dir='ltr'><strong>profecto</strong></span> <span class='ocrx_word' id='word_1_214' title='bbox 827 1990 897 2030; x_wconf 85' lang='lat' dir='ltr'><strong>eos</strong></span> <span class='ocrx_word' id='word_1_215' title='bbox 916 1974 1148 2021; x_wconf 85' lang='lat' dir='ltr'><strong>fefellisset.</strong></span> <span class='ocrx_word' id='word_1_216' title='bbox 1192 1966 1298 2028; x_wconf 86' lang='lat' dir='ltr'><strong>Nam</strong></span> <span class='ocrx_word' id='word_1_217' title='bbox 1319 1974 1372 2018; x_wconf 85' lang='lat' dir='ltr'><strong>de</strong></span> <span class='ocrx_word' id='word_1_218' title='bbox 1395 1975 1529 2018; x_wconf 90' lang='lat' dir='ltr'><strong>unde-</strong></span> 
     </span>
     <span class='ocr_line' id='line_1_29' title="bbox 76 2039 1529 2105; baseline 0.001 -23"><span class='ocrx_word' id='word_1_219' title='bbox 76 2039 344 2097; x_wconf 85' lang='lat' dir='ltr'><strong>quadraginta</strong></span> <span class='ocrx_word' id='word_1_220' title='bbox 365 2039 559 2096; x_wconf 82' lang='lat' dir='ltr'><strong>navibus,</strong></span> <span class='ocrx_word' id='word_1_221' title='bbox 592 2054 699 2105; x_wconf 75' lang='lat' dir='ltr'><strong>quas¹</strong></span> <span class='ocrx_word' id='word_1_222' title='bbox 718 2055 817 2084; x_wconf 86' lang='lat' dir='ltr'><strong>vere</strong></span> <span class='ocrx_word' id='word_1_223' title='bbox 836 2039 1003 2083; x_wconf 88' lang='lat' dir='ltr'><strong>ineunte</strong></span> <span class='ocrx_word' id='word_1_224' title='bbox 1016 2041 1207 2099; x_wconf 31' lang='lat' dir='ltr'><strong>‘Corinthi</strong></span> <span class='ocrx_word' id='word_1_225' title='bbox 1226 2051 1387 2100; x_wconf 83' lang='lat' dir='ltr'><strong>paratas</strong></span> <span class='ocrx_word' id='word_1_226' title='bbox 1408 2042 1529 2086; x_wconf 82' lang='lat' dir='ltr'><strong>vide-</strong></span> 
     </span>
    </p>
   </div>
   <div class='ocr_carea' id='block_1_3' title="bbox 76 2110 351 2125">
    <p class='ocr_par' dir='ltr' id='par_1_4' title="bbox 76 2110 351 2125">
     <span class='ocr_line' id='line_1_30' title="bbox 76 2110 351 2125; baseline 0 794"><span class='ocrx_word' id='word_1_227' title='bbox 76 2110 351 2125; x_wconf 95' lang='lat' dir='ltr'><strong> </strong></span> 
     </span>
    </p>
   </div>
   <div class='ocr_carea' id='block_1_4' title="bbox 77 2145 1532 2796">
    <p class='ocr_par' dir='ltr' id='par_1_5' title="bbox 77 2145 1527 2381">
     <span class='ocr_line' id='line_1_31' title="bbox 125 2145 561 2195; baseline -0.002 -14"><span class='ocrx_word' id='word_1_228' title='bbox 125 2146 193 2187; x_wconf 85' lang='grc'><strong>95)</strong></span> <span class='ocrx_word' id='word_1_229' title='bbox 220 2146 387 2195; x_wconf 88' lang='lat' dir='ltr'><strong>Thucyd.</strong></span> <span class='ocrx_word' id='word_1_230' title='bbox 411 2145 473 2182; x_wconf 85' lang='lat' dir='ltr'><strong>vl.</strong></span> <span class='ocrx_word' id='word_1_231' title='bbox 503 2147 561 2181; x_wconf 82' lang='lat'><strong>31.</strong></span> 
     </span>
     <span class='ocr_line' id='line_1_32' title="bbox 125 2190 1526 2242; baseline 0.001 -15"><span class='ocrx_word' id='word_1_232' title='bbox 125 2193 192 2234; x_wconf 86' lang='grc'><strong>96)</strong></span> <span class='ocrx_word' id='word_1_233' title='bbox 217 2194 387 2242; x_wconf 89' lang='lat' dir='ltr'><strong>Thucyd.</strong></span> <span class='ocrx_word' id='word_1_234' title='bbox 408 2193 486 2229; x_wconf 84' lang='lat' dir='ltr'><strong>Vll.</strong></span> <span class='ocrx_word' id='word_1_235' title='bbox 505 2193 674 2228; x_wconf 81' lang='lat'><strong>27—·29.</strong></span> <span class='ocrx_word' id='word_1_236' title='bbox 701 2191 796 2228; x_wconf 82' lang='lat' dir='ltr'>VIII.</span> <span class='ocrx_word' id='word_1_237' title='bbox 819 2192 874 2228; x_wconf 85' lang='lat'><strong>15.</strong></span> <span class='ocrx_word' id='word_1_238' title='bbox 921 2190 1049 2239; x_wconf 60' lang='lat' dir='ltr'><strong>mett„</strong></span> <span class='ocrx_word' id='word_1_239' title='bbox 1078 2194 1302 2241; x_wconf 57' lang='grc' dir='ltr'><strong>ῧΐααΐΰβῐίχᾳ.</strong></span> <span class='ocrx_word' id='word_1_240' title='bbox 1323 2193 1357 2228; x_wconf 59' lang='grc' dir='ltr'><strong>Ἰ.</strong></span> <span class='ocrx_word' id='word_1_241' title='bbox 1415 2219 1424 2227; x_wconf 95' lang='grc'><strong>.</strong></span> <span class='ocrx_word' id='word_1_242' title='bbox 1443 2193 1526 2228; x_wconf 89' lang='grc'>313.</span> 
     </span>
     <span class='ocr_line' id='line_1_33' title="bbox 77 2237 1527 2318; baseline 0.002 -47"><span class='ocrx_word' id='word_1_243' title='bbox 77 2237 231 2318; x_wconf 62' lang='grc' dir='ltr'><strong>Μαὲιεο,</strong></span> <span class='ocrx_word' id='word_1_244' title='bbox 257 2240 300 2275; x_wconf 93' lang='lat' dir='ltr'><strong>Il.</strong></span> <span class='ocrx_word' id='word_1_245' title='bbox 320 2253 357 2287; x_wconf 90' lang='lat' dir='ltr'><strong>p.</strong></span> <span class='ocrx_word' id='word_1_246' title='bbox 375 2241 461 2275; x_wconf 83' lang='lat'><strong>456.</strong></span> <span class='ocrx_word' id='word_1_247' title='bbox 482 2253 560 2288; x_wconf 82' lang='lat' dir='ltr'><strong>sqq.</strong></span> <span class='ocrx_word' id='word_1_248' title='bbox 587 2245 624 2275; x_wconf 83' lang='lat' dir='ltr'><strong>et</strong></span> <span class='ocrx_word' id='word_1_249' title='bbox 644 2252 682 2287; x_wconf 91' lang='lat' dir='ltr'><strong>p.</strong></span> <span class='ocrx_word' id='word_1_250' title='bbox 699 2239 784 2274; x_wconf 82' lang='lat'><strong>493.</strong></span> <span class='ocrx_word' id='word_1_251' title='bbox 810 2239 962 2287; x_wconf 85' lang='lat' dir='ltr'><strong>Poppo,</strong></span> <span class='ocrx_word' id='word_1_252' title='bbox 990 2242 1158 2288; x_wconf 18' lang='lat' dir='ltr'><strong>proleggv.</strong></span> <span class='ocrx_word' id='word_1_253' title='bbox 1182 2240 1222 2276; x_wconf 87' lang='lat' dir='ltr'><strong>in</strong></span> <span class='ocrx_word' id='word_1_254' title='bbox 1247 2240 1378 2288; x_wconf 85' lang='lat' dir='ltr'><strong>Thucy</strong></span> <span class='ocrx_word' id='word_1_255' title='bbox 1405 2266 1414 2275; x_wconf 89' lang='lat'><strong>.</strong></span> <span class='ocrx_word' id='word_1_256' title='bbox 1441 2240 1470 2274; x_wconf 88' lang='lat'><strong>1.</strong></span> <span class='ocrx_word' id='word_1_257' title='bbox 1493 2242 1527 2274; x_wconf 85' lang='lat'><strong>2.</strong></span> 
     </span>
     <span class='ocr_line' id='line_1_34' title="bbox 105 2288 305 2321; baseline 0.005 -1"><span class='ocrx_word' id='word_1_258' title='bbox 105 2309 115 2320; x_wconf 92' lang='lat'><strong>.</strong></span> <span class='ocrx_word' id='word_1_259' title='bbox 166 2288 199 2320; x_wconf 93' lang='lat'><strong>7.</strong></span> <span class='ocrx_word' id='word_1_260' title='bbox 227 2298 243 2320; x_wconf 88' lang='lat' dir='ltr'><strong>s</strong></span> <span class='ocrx_word' id='word_1_261' title='bbox 297 2313 305 2321; x_wconf 93' lang='lat'><strong>.</strong></span> 
     </span>
     <span class='ocr_line' id='line_1_35' title="bbox 78 2296 543 2381; baseline 0.004 -16"><span class='ocrx_word' id='word_1_262' title='bbox 78 2296 102 2330; x_wconf 74' lang='lat' dir='ltr'>p</span> <span class='ocrx_word' id='word_1_263' title='bbox 125 2331 190 2376; x_wconf 90' lang='grc'><strong>97)</strong></span> <span class='ocrx_word' id='word_1_264' title='bbox 215 2298 392 2381; x_wconf 44' lang='lat' dir='ltr'><strong>Tllzilicydr</strong></span> <span class='ocrx_word' id='word_1_265' title='bbox 408 2332 455 2367; x_wconf 91' lang='grc' dir='ltr'><strong>ΙΙ.</strong></span> <span class='ocrx_word' id='word_1_266' title='bbox 487 2333 543 2367; x_wconf 86' lang='grc'><strong>13.</strong></span> 
     </span>
    </p>

    <p class='ocr_par' dir='ltr' id='par_1_6' title="bbox 78 2377 1530 2519">
     <span class='ocr_line' id='line_1_36' title="bbox 126 2377 1527 2427; baseline 0.001 -16"><span class='ocrx_word' id='word_1_267' title='bbox 126 2377 191 2421; x_wconf 88' lang='grc'><strong>98)</strong></span> <span class='ocrx_word' id='word_1_268' title='bbox 214 2380 385 2427; x_wconf 83' lang='lat' dir='ltr'><strong>Thucyd.</strong></span> <span class='ocrx_word' id='word_1_269' title='bbox 410 2378 509 2425; x_wconf 66' lang='lat' dir='ltr'><strong>vm,</strong></span> <span class='ocrx_word' id='word_1_270' title='bbox 530 2381 564 2413; x_wconf 84' lang='lat'><strong>5.</strong></span> <span class='ocrx_word' id='word_1_271' title='bbox 599 2379 833 2415; x_wconf 81' lang='lat' dir='ltr'><strong>Euboeenses</strong></span> <span class='ocrx_word' id='word_1_272' title='bbox 864 2386 902 2415; x_wconf 86' lang='lat' dir='ltr'><strong>et</strong></span> <span class='ocrx_word' id='word_1_273' title='bbox 920 2379 1045 2415; x_wconf 81' lang='lat' dir='ltr'><strong>Lesbii</strong></span> <span class='ocrx_word' id='word_1_274' title='bbox 1074 2380 1121 2415; x_wconf 88' lang='lat' dir='ltr'><strong>ad</strong></span> <span class='ocrx_word' id='word_1_275' title='bbox 1138 2380 1288 2426; x_wconf 75' lang='lat' dir='ltr'><strong>Agidem</strong></span> <span class='ocrx_word' id='word_1_276' title='bbox 1306 2379 1527 2422; x_wconf 60' lang='lat' dir='ltr'><strong>Deceleam,</strong></span> 
     </span>
     <span class='ocr_line' id='line_1_37' title="bbox 80 2422 1530 2474; baseline 0.001 -18"><span class='ocrx_word' id='word_1_277' title='bbox 80 2422 162 2457; x_wconf 85' lang='lat' dir='ltr'><strong>Chii</strong></span> <span class='ocrx_word' id='word_1_278' title='bbox 182 2431 219 2460; x_wconf 85' lang='lat' dir='ltr'><strong>et</strong></span> <span class='ocrx_word' id='word_1_279' title='bbox 238 2425 438 2473; x_wconf 79' lang='lat' dir='ltr'><strong>Erythraei</strong></span> <span class='ocrx_word' id='word_1_280' title='bbox 458 2437 503 2461; x_wconf 85' lang='lat' dir='ltr'><strong>ae</strong></span> <span class='ocrx_word' id='word_1_281' title='bbox 519 2425 801 2473; x_wconf 80' lang='lat' dir='ltr'><strong>Tissaphernes,</strong></span> <span class='ocrx_word' id='word_1_282' title='bbox 839 2426 905 2474; x_wconf 86' lang='lat' dir='ltr'><strong>qui</strong></span> <span class='ocrx_word' id='word_1_283' title='bbox 928 2425 1063 2462; x_wconf 79' lang='lat' dir='ltr'><strong>Joniae</strong></span> <span class='ocrx_word' id='word_1_284' title='bbox 1088 2433 1124 2461; x_wconf 84' lang='lat' dir='ltr'><strong>et</strong></span> <span class='ocrx_word' id='word_1_285' title='bbox 1144 2427 1427 2469; x_wconf 83' lang='lat' dir='ltr'><strong>Pharnabazus,</strong></span> <span class='ocrx_word' id='word_1_286' title='bbox 1464 2424 1530 2474; x_wconf 68' lang='lat' dir='ltr'><strong>qui</strong></span> 
     </span>
     <span class='ocr_line' id='line_1_38' title="bbox 78 2467 1446 2519; baseline 0.001 -13"><span class='ocrx_word' id='word_1_287' title='bbox 78 2467 313 2518; x_wconf 73' lang='lat' dir='ltr'><strong>Hellesponto</strong></span> <span class='ocrx_word' id='word_1_288' title='bbox 334 2484 402 2519; x_wconf 81' lang='lat' dir='ltr'><strong>sup</strong></span> <span class='ocrx_word' id='word_1_289' title='bbox 431 2472 522 2507; x_wconf 72' lang='lat' dir='ltr'><strong>etiae</strong></span> <span class='ocrx_word' id='word_1_290' title='bbox 545 2478 711 2518; x_wconf 82' lang='lat' dir='ltr'><strong>peteret,</strong></span> <span class='ocrx_word' id='word_1_291' title='bbox 738 2472 911 2519; x_wconf 79' lang='lat' dir='ltr'><strong>Spartam</strong></span> <span class='ocrx_word' id='word_1_292' title='bbox 937 2471 1052 2519; x_wconf 86' lang='lat' dir='ltr'><strong>ipsam</strong></span> <span class='ocrx_word' id='word_1_293' title='bbox 1073 2484 1111 2507; x_wconf 86' lang='lat' dir='ltr'><strong>se</strong></span> <span class='ocrx_word' id='word_1_294' title='bbox 1133 2473 1391 2511; x_wconf 68' lang='lat' dir='ltr'><strong>contulerunt.</strong></span> <span class='ocrx_word' id='word_1_295' title='bbox 1406 2472 1417 2478; x_wconf 78' lang='lat'><em>&#39;</em></span> <span class='ocrx_word' id='word_1_296' title='bbox 1441 2496 1446 2498; x_wconf 96' lang='lat'>-</span> 
     </span>
    </p>

    <p class='ocr_par' dir='ltr' id='par_1_7' title="bbox 78 2514 1532 2669">
     <span class='ocr_line' id='line_1_39' title="bbox 125 2514 1532 2567; baseline -0.001 -12"><span class='ocrx_word' id='word_1_297' title='bbox 125 2514 193 2555; x_wconf 83' lang='grc'><strong>99)</strong></span> <span class='ocrx_word' id='word_1_298' title='bbox 215 2519 383 2567; x_wconf 85' lang='lat' dir='ltr'><strong>Thucyd.</strong></span> <span class='ocrx_word' id='word_1_299' title='bbox 437 2517 465 2553; x_wconf 91' lang='grc' dir='ltr'><strong>Ι.</strong></span> <span class='ocrx_word' id='word_1_300' title='bbox 491 2520 550 2553; x_wconf 91' lang='grc'><strong>90.</strong></span> <span class='ocrx_word' id='word_1_301' title='bbox 571 2519 631 2552; x_wconf 81' lang='grc'><strong>91.</strong></span> <span class='ocrx_word' id='word_1_302' title='bbox 667 2518 727 2553; x_wconf 88' lang='lat' dir='ltr'><strong>De</strong></span> <span class='ocrx_word' id='word_1_303' title='bbox 754 2520 870 2554; x_wconf 84' lang='lat' dir='ltr'><strong>rebus</strong></span> <span class='ocrx_word' id='word_1_304' title='bbox 899 2519 937 2553; x_wconf 89' lang='lat' dir='ltr'><strong>in</strong></span> <span class='ocrx_word' id='word_1_305' title='bbox 957 2518 1126 2566; x_wconf 86' lang='lat' dir='ltr'><strong>Thucyd.</strong></span> <span class='ocrx_word' id='word_1_306' title='bbox 1157 2520 1181 2553; x_wconf 86' lang='lat'><strong>1.</strong></span> <span class='ocrx_word' id='word_1_307' title='bbox 1196 2517 1293 2552; x_wconf 84' lang='lat' dir='ltr'><strong>vm.</strong></span> <span class='ocrx_word' id='word_1_308' title='bbox 1316 2514 1532 2555; x_wconf 66' lang='lat' dir='ltr'><strong>memoratis</strong></span> 
     </span>
     <span class='ocr_line' id='line_1_40' title="bbox 80 2558 1530 2613; baseline 0.003 -17"><span class='ocrx_word' id='word_1_309' title='bbox 80 2558 190 2610; x_wconf 46' lang='lat'><strong>¹³9⁰&amp;</strong></span> <span class='ocrx_word' id='word_1_310' title='bbox 203 2563 405 2610; x_wconf 81' lang='lat' dir='ltr'><strong>disputavit</strong></span> <span class='ocrx_word' id='word_1_311' title='bbox 430 2565 532 2601; x_wconf 86' lang='lat' dir='ltr'><strong>Guil.</strong></span> <span class='ocrx_word' id='word_1_312' title='bbox 560 2566 733 2611; x_wconf 76' lang='lat' dir='ltr'><strong>Rrueger</strong></span> <span class='ocrx_word' id='word_1_313' title='bbox 767 2565 814 2601; x_wconf 88' lang='lat' dir='ltr'><strong>ad</strong></span> <span class='ocrx_word' id='word_1_314' title='bbox 840 2565 977 2602; x_wconf 80' lang='lat' dir='ltr'><strong>calcem</strong></span> <span class='ocrx_word' id='word_1_315' title='bbox 1008 2564 1064 2599; x_wconf 86' lang='lat' dir='ltr'><strong>ed.</strong></span> <span class='ocrx_word' id='word_1_316' title='bbox 1099 2575 1186 2600; x_wconf 84' lang='lat' dir='ltr'><strong>suae</strong></span> <span class='ocrx_word' id='word_1_317' title='bbox 1217 2563 1376 2613; x_wconf 84' lang='lat' dir='ltr'><strong>Dionys.</strong></span> <span class='ocrx_word' id='word_1_318' title='bbox 1409 2566 1530 2603; x_wconf 83' lang='lat' dir='ltr'><strong>Halic.</strong></span> 
     </span>
     <span class='ocr_line' id='line_1_41' title="bbox 78 2604 711 2669; baseline 0.011 -30"><span class='ocrx_word' id='word_1_319' title='bbox 78 2604 367 2669; x_wconf 57' lang='lat' dir='ltr'><strong>historiogr-aph.</strong></span> <span class='ocrx_word' id='word_1_320' title='bbox 392 2612 473 2647; x_wconf 79' lang='lat' dir='ltr'><strong>Hal.</strong></span> <span class='ocrx_word' id='word_1_321' title='bbox 497 2612 580 2646; x_wconf 84' lang='lat' dir='ltr'><strong>Sax.</strong></span> <span class='ocrx_word' id='word_1_322' title='bbox 607 2611 711 2646; x_wconf 81' lang='lat'><strong>1823.</strong></span> 
     </span>
    </p>

    <p class='ocr_par' dir='ltr' id='par_1_8' title="bbox 128 2652 596 2705">
     <span class='ocr_line' id='line_1_42' title="bbox 128 2652 596 2705; baseline 0.006 -17"><span class='ocrx_word' id='word_1_323' title='bbox 128 2652 216 2696; x_wconf 85' lang='lat'>100)</span> <span class='ocrx_word' id='word_1_324' title='bbox 253 2657 411 2705; x_wconf 70' lang='lat' dir='ltr'><strong>thcyd.</strong></span> <span class='ocrx_word' id='word_1_325' title='bbox 438 2657 529 2694; x_wconf 77' lang='lat' dir='ltr'><strong>VIII.</strong></span> <span class='ocrx_word' id='word_1_326' title='bbox 560 2659 596 2692; x_wconf 81' lang='grc'><strong>2.</strong></span> 
     </span>
    </p>

    <p class='ocr_par' dir='ltr' id='par_1_9' title="bbox 127 2698 513 2751">
     <span class='ocr_line' id='line_1_43' title="bbox 127 2698 513 2751; baseline 0.028 -22"><span class='ocrx_word' id='word_1_327' title='bbox 127 2698 211 2741; x_wconf 89' lang='lat'>101)</span> <span class='ocrx_word' id='word_1_328' title='bbox 240 2700 409 2751; x_wconf 64' lang='lat' dir='ltr'><strong>Thucyd.</strong></span> <span class='ocrx_word' id='word_1_329' title='bbox 438 2706 460 2739; x_wconf 85' lang='grc' dir='ltr'><strong>ι.</strong></span> <span class='ocrx_word' id='word_1_330' title='bbox 488 2706 513 2740; x_wconf 85' lang='grc' dir='ltr'><strong>ι.</strong></span> 
     </span>
    </p>

    <p class='ocr_par' dir='ltr' id='par_1_10' title="bbox 127 2740 583 2796">
     <span class='ocr_line' id='line_1_44' title="bbox 127 2740 583 2796; baseline 0.007 -14"><span class='ocrx_word' id='word_1_331' title='bbox 127 2745 211 2790; x_wconf 83' lang='lat'>102)</span> <span class='ocrx_word' id='word_1_332' title='bbox 236 2740 405 2796; x_wconf 52' lang='lat' dir='ltr'><strong>&#39;nuc-yd.</strong></span> <span class='ocrx_word' id='word_1_333' title='bbox 431 2750 522 2788; x_wconf 85' lang='lat' dir='ltr'><strong>Vlll.</strong></span> <span class='ocrx_word' id='word_1_334' title='bbox 549 2752 583 2785; x_wconf 85' lang='lat'><strong>3.</strong></span> 
     </span>
    </p>
   </div>
   <div class='ocr_carea' id='block_1_5' title="bbox 1755 0 1848 2919">
    <p class='ocr_par' dir='ltr' id='par_1_11' title="bbox 1755 0 1848 2919">
     <span class='ocr_line' id='line_1_45' title="bbox 1755 0 1848 2919; baseline 0 0"><span class='ocrx_word' id='word_1_335' title='bbox 1755 0 1848 2919; x_wconf 95' lang='lat' dir='ltr'><strong> </strong></span> 
     </span>
    </p>
   </div>
  </div>
 </body>
</html>
