1848 2919
788 500 877 552 lv:

116 611 208 666 De
241 579 551 668 rationibus
591 602 934 677 pecuniariis
974 582 1560 663 Lacedaemoniorum

209 699 212 700 ’
268 694 327 750 in
365 691 538 746 rebus
574 690 901 761 maritimis3
941 693 1075 749 inde
1114 712 1149 749 a
1189 696 1342 750 bello
1378 695 1556 751 Pelo-

257 797 633 855 ‘ponneslacoq

114 996 178 1071 J
179 1037 250 1066 ure
277 1021 367 1079 quis
388 1020 555 1065 miretur
584 1021 694 1064 unde
717 1019 1030 1065 Lacedaemonii
1050 1022 1243 1080 pecunias
1263 1023 1480 1067 sumserint
1504 1023 1559 1066 ad

115 1091 283 1132 classem
311 1089 598 1132 exstruendam
633 1099 673 1133 et
697 1090 1021 1143 sustentandam,
1065 1106 1154 1133 cum
1177 1107 1311 1148 neque
1333 1090 1459 1133 ceteri
1479 1092 1561 1132 Pe-

78 1213 84 1220 ·
114 1153 353 1213 loponnesii,
382 1164 567 1211 agrestes
594 1200 597 1201 ⁷
644 1156 787 1211 mines,
817 1166 969 1199 tantam
986 1156 1184 1214 pecuniae
1204 1157 1353 1209 molem
1375 1156 1561 1199 conferre

112 1231 297 1279 possent,
336 1231 382 1264 ut
405 1222 573 1265 tamdiu*
665 1239 733 1265 um
756 1232 1005 1266 sumtuosum
1040 1224 1307 1277 sustinerent,
1352 1223 1462 1279 quod
1493 1223 1561 1264 vel

112 1287 422 1331 Atheniensium
434 1288 537 1332 belli
549 1287 665 1332 initio
680 1304 800 1345 quam
811 1289 987 1333 maxime
1000 1291 1146 1349 opibus
1158 1294 1474 1333 exstructorum³
1485 1295 1503 1316 ⁰
1515 1293 1528 1314 ⁷
1540 1288 1562 1344 )

112 1356 320 1399 facultates
339 1356 504 1400 tandem
529 1356 739 1412 exhausit,
769 1356 904 1412 neque
918 1356 1097 1416 ipsorum
1113 1372 1270 1417 pauper
1294 1355 1436 1400 civitas
1458 1354 1564 1398 mul-

113 1432 195 1465 tum
217 1434 356 1482 posset
381 1424 596 1481 praebere.

164 1492 230 1532 Ex
253 1489 494 1549 Thucydide
517 1490 797 1546 cognoscimus
814 1491 939 1546 ³⁰⁸),
965 1490 1054 1545 jam
1073 1489 1393 1545 Archidamum,
1422 1490 1559 1548 prius-

108 1571 228 1611 quam
248 1555 402 1597 bellum
423 1554 736 1598 Lacedaemonii
759 1553 1008 1613 inciperent,
1044 1554 1152 1597 inter
1178 1555 1259 1598 alia
1291 1556 1558 1611 documenta,

108 1621 254 1678 quibus
278 1622 321 1671 id
347 1622 504 1665 bellum
527 1637 617 1664 cum
639 1620 962 1664 Atheniensibus
985 1620 1332 1664 intermittendum
1360 1636 1453 1665 esse
1482 1623 1557 1665 de-

47 1706 52 1710 ·
108 1688 369 1743 monstravit,
400 1688 521 1731 etiam
547 1687 744 1745 pecuniae
772 1685 951 1745 inopiam
978 1701 1320 1742 commemorare,
1351 1703 1472 1746 quam
1493 1688 1559 1731 in-

109 1755 242 1814 opiam
273 1754 424 1799 deinde
454 1754 654 1800 Corinthii
681 1752 862 1812 argentis
894 1770 947 1798 ex
973 1752 1192 1815 Olympiae
1222 1754 1560 1814 Delphorumque

108 1823 263 1866 aerario
299 1823 450 1865 mutuis
486 1823 627 1865 sumtis
657 1824 746 1865 fore
780 1832 825 1864 ut
865 1822 1078 1879 explerent
1112 1823 1412 1866 arbitrabantur
1435 1825 1557 1880 ³⁰⁹).

109 1890 323 1934 Praeterea
352 1890 452 1934 duas
477 1889 732 1949 potissimum
763 1888 852 1933 'vias
879 1888 993 1933 adire
1018 1905 1088 1933 eos
1119 1888 1329 1945 videmus,
1373 1890 1483 1951 unde
1518 1901 1559 1935 et

109 1955 303 2000 militibus
317 1949 572 2016 'stipendium
595 1958 801 2000 solverent
821 1966 863 1999 et
887 1957 940 2000 ad
969 1972 1095 1999 naves
1125 1956 1399 2001 aedificandas
1431 1954 1558 2015 pecu-

108 2021 216 2074 niam
232 2033 461 2069 sumerent:
490 2022 678 2082 primum,
706 2038 781 2081 per
797 2018 977 2076 βιαίους
997 2019 1212 2079 ε’ςφορᾶς,
1244 2037 1343 2074 οιιιιιμ
1360 2040 1558 2086 summam

110 2091 363 2135 constitutam
377 2116 434 2124 —-
448 2086 659 2151 ἀργύριον
682 2085 818 2150 ῥητόν
834 2113 886 2120 —-
908 2087 1081 2143 singulis
1102 2087 1304 2143 adjunctis
1326 2089 1558 2133 civitatibus

156 2208 246 2251 307)
273 2210 320 2248 cf.
333 2208 501 2257 Thucyd.
521 2208 566 2244 11.
591 2209 645 2244 13.
671 2215 708 2244 et
728 2208 841 2245 Diod.
869 2206 952 2243 ΧΠ.
976 2208 1033 2242 40.
1079 2206 1251 2253 Boeckh,
1286 2207 1498 2256 Stautshltg.
1524 2209 1553 2245 1.

110 2265 145 2298 p-
164 2256 344 2306 Sleqq.
369 2256 523 2298 Mauso,
551 2257 706 2304 Sparta,
733 2255 778 2291 11.
802 2269 839 2303 p.
860 2256 942 2290 493.
968 2267 1046 2302 sqq.
1103 2262 1123 2273 ··

156 2302 240 2337 308)
268 2304 292 2338 l.
313 2305 372 2338 80.
398 2301 483 2339 οὔτε
503 2306 544 2340 ἐν
564 2305 836 2351 κοινῷἕχομεν
855 2300 939 2338 οὔτε
961 2303 1116 2351 ἑτοίμως
1140 2303 1180 2336 ἐκ
1207 2302 1283 2337 τῶν
1302 2302 1412 2337 ἰδίων
1432 2304 1554 2349 φέρο-

110 2359 182 2391 μεν
202 2350 268 2392 (cf.
279 2351 408 2399 Poppo
420 2351 588 2399 prolegg.
609 2350 634 2385 l.
655 2353 689 2384 2.
709 2363 746 2404 p.
760 2351 817 2386 98.
845 2357 881 2385 et
900 2350 1068 2397 Thucyd.
1088 2349 1115 2383 1.
1141 2349 1196 2382 19.
1221 2349 1319 2390 141.)
1345 2348 1438 2383 Nam
1461 2348 1554 2384 socii

113 2392 180 2440 οὐχ
197 2395 387 2437 ὑποτελεῖς
411 2394 550 2457 φόρου.
586 2397 632 2434 cf.
654 2397 801 2433 Arlstot.
825 2396 932 2433 Polit.
962 2395 1006 2430 ΙΙ.
1038 2396 1073 2430 6.
1098 2396 1157 2429 23.
1184 2415 1231 2421 —
1257 2392 1418 2435 Φιιύλως
1438 2395 1555 2443 δ’ἕχει

112 2443 175 2474 καὶ
200 2448 286 2493 περὶ,
314 2444 358 2481 τὰ
383 2457 492 2481 κοινα
512 2443 693 2494 χρήμαζα
720 2449 796 2486 τοῖς
811 2440 1075 2491 Σπαρτιάταις·
1100 2440 1184 2478 οὔτε
1204 2440 1277 2489 γὰρ
1299 2445 1340 2479 ἐν
1365 2445 1417 2490 τῷ
1438 2445 1555 2490 κοινῷ

112 2488 173 2531 Τῆς
192 2489 282 2528 πόλε
303 2491 311 2503 ’
353 2494 453 2529 ἐστιν
472 2492 637 2530 οὐδὲνπ
676 2504 797 2539 μους
812 2490 1000 2540 μεγάλους
1018 2490 1338 2539 ἀναγκαζομένοις
1357 2494 1553 2545 πολεμξῖν·

112 2537 280 2585 εῖςφέρου
358 2549 375 2576 ἐ
395 2543 529 2581 κακῶς
558 2539 632 2577 διὰΑ
690 2553 711 2587 ρ
731 2538 772 2575 ’τὸ
794 2543 868 2576 τῶν
884 2540 1133 2587 ξπαρτιατῶν
1160 2534 1257 2573 εἶναι
1280 2536 1347 2583 τὴν
1377 2541 1556 2585 πλείστην

112 2579 201 2627 γὴν,
220 2584 301 2621 ὀὒκ
345 2584 557 2629 &adgemunt
589 2584 759 2633 ἀλλήλων
785 2585 849 2627 τάς
871 2584 1067 2643 εἰσφοράς,
1094 2584 1307 2640 ἀποβέβηκέ
1329 2597 1367 2622 τε
1393 2586 1554 2623 τούναν-

112 2632 190 2663 ΗὈν
217 2633 266 2676 τῷ
299 2637 486 2680 νομοθέτη
517 2637 581 2671 τοῦ
612 2638 883 2683 συμφέροντος·
913 2645 979 2677 την
1002 2634 1075 2680 μὲν
1101 2630 1175 2679 γὰρ
1206 2634 1320 2670 πολιν
1349 2639 1555 2680 πεποίηκεν

110 2674 343 2770 &sasas
370 2675 692 2763 ‘31⁶'⁹;⁶³1¹2‘⁹120⁵322{
703 2678 1016 2730 ‘¹⁴²⁰20'2ffl‘0vf·
1235 2685 1238 2688 ·

323 2738 392 2773 ucy
424 2753 432 2763 .
479 2755 487 2765 .
588 2756 595 2764 .
696 2755 705 2765 .
