1848 2919
0 2711 21 2919 2·ssssss
0 2677 9 2705 ῖς
6 2663 9 2670 .
5 2638 8 2651 -

232 183 442 241 Antigono
478 186 646 228 Dosone
684 184 728 229 in
772 198 911 243 pugna
951 183 1005 227 ad
1045 182 1262 227 Sellasiam
1285 183 1454 250 fictus,
1494 183 1682 240 Spartam

232 249 418 306 fugeret,
454 250 631 307 indeque
667 251 853 309 proxima
882 257 1001 294 nocte
1033 245 1335 317 Gytheumffij
1350 251 1575 303 conferret,
1611 247 1683 290 ubi

224 332 326 360 »cum
345 316 484 360 amicis
507 317 713 367 nonmsslis
735 334 860 362 naves
877 318 966 374 jam
988 327 1149 375 paratas
1171 318 1424 371 conscendit,
1454 327 1499 360 ut
1513 325 1682 360 matrem

232 382 419 438 filiosque
440 398 536 435 suos
555 395 814 440 sequeretur,
845 399 950 441 quos
972 393 1066 426 ante
1087 384 1138 426 ab
1153 381 1454 441 Aegyptiorum
1472 399 1571 438 rege
1583 385 1681 424 Pto-

233 448 391 492 lemaeo
405 450 611 505 Evergete
626 450 791 506 obsides
805 450 969 509 petitos,
989 448 1283 494 Alexandriam
1292 448 1457 492 miserat
1473 448 1568 504 (01.
1583 448 1679 506 139.
1704 499 1708 501 μ

233 516 278 558 3.
302 529 342 557 a.
369 514 469 558 Chr.
493 515 621 572 222.)
645 517 764 574 ¹⁰²).

288 580 523 637 Antigonus
545 584 688 625 Doson
715 583 924 640 Spartanis
945 592 1125 627 veterem
1148 577 1396 641 reipublicae
1418 581 1590 626 formam
1614 598 1681 625 re-

232 646 384 701 stituit,
422 662 574 704 eosque
598 648 858 693 Achaeorum
876 641 1057 704 foederi,
1095 648 1333 706 quibuscum
1357 648 1606 692 Macedones
1639 646 1682 689 in

233 715 407 772 gratiam
428 715 653 771 redierant,
683 717 871 773 adjunxit
892 724 903 745 ¹
917 724 935 745 ⁰
948 718 1008 774 ³).
1040 714 1149 760 Cum
1165 731 1264 760 vero
1281 715 1440 759 Achaei
1456 712 1684 758 Messenios

233 781 287 822 ab
307 780 469 822 Aetolis
490 781 611 822 valde
631 792 802 824 vexatos
822 789 833 809 ¹
848 790 865 809 0
877 784 922 838 ⁴)
946 783 990 822 in
1013 796 1128 823 suam
1149 782 1384 823 societatem
1411 781 1681 838 recepissent,

232 844 424 904 Spartani
452 860 641 889 arcanum
673 846 873 890 amicitiae
903 845 1188 903 societatisque
1218 846 1365 889 foedus
1398 862 1486 890 cum
1523 847 1683 891 Aetolis

232 899 475 970 pepigerunt
496 916 507 937 ¹
521 912 612 966 ⁰⁵).
660 912 895 970 Philippus,
925 912 1193 955 Macedoniae
1218 928 1315 966 rex,
1354 928 1479 968 quum
1504 913 1684 955 Achaeis

232 977 481 1024 subveniens
513 978 688 1022 Aetolos
722 994 775 1023 ex
806 979 1087 1038 Peloponneso
1114 977 1359 1038 depulisset,
1409 987 1449 1022 et
1483 993 1508 1023 a
1538 980 1692 1058 Spa,
1744 1015 1752 1027 Ι

233 1047 345 1090 haud
364 1047 491 1102 longe
510 1046 695 1099 abesset,
736 1047 1070 1089 Lacedaemoniis
1094 1047 1213 1089 Arati
1245 1046 1433 1103 precibus
1463 1056 1683 1089 commotus

233 1121 329 1155 tnnc
353 1111 516 1155 veniam
542 1111 655 1152 dedit
679 1111 793 1166 ¹⁰⁶).
822 1111 918 1167 (01.
946 1111 1042 1153 139.
1065 1111 1109 1153 4.
1138 1126 1178 1154 a.
1205 1112 1304 1154 Chr.
1331 1113 1459 1167 221.)

280 1179 395 1226 *Cum
418 1193 516 1221 vero
540 1187 581 1220 et
601 1177 816 1234 Philippus
842 1185 882 1219 et
901 1176 1060 1235 Achaei
1080 1193 1298 1233 eorumque
1323 1178 1424 1220 socii
1445 1177 1684 1233 insequente

234 1242 369 1288 hieme
389 1243 552 1285 Aetolis
580 1243 735 1285 bellum
765 1243 1028 1284 decernerent
1050 1243 1175 1299 ¹¹⁰⁷),
1205 1243 1519 1285 Lacedaemonii
1539 1259 1585 1285 se
1607 1259 1683 1285 ex-

234 1310 393 1354 clusere
412 1315 423 1337 ¹
438 1310 514 1368 ⁰⁸)
547 1318 611 1364 et,
642 1309 863 1353 Cleomene
883 1307 1051 1352 interim
1074 1308 1352 1353 Alexandriae
1383 1320 1539 1353 mortuo
1559 1310 1682 1367 ¹⁰⁹),

234 1379 471 1436 Lycurgum
497 1375 712 1432 quemdam
734 1391 876 1432 regem
898 1385 1104 1429 crearunt,
1135 1376 1226 1432 qui,
1258 1376 1425 1419 foedere
1445 1392 1535 1418 cum
1551 1378 1683 1419 Aeto-

234 1425 437 1504 lizfflto,
477 1452 563 1486 tum
597 1441 827 1485 incursione
849 1443 893 1485 in
916 1442 1164 1499 Argivorum
1192 1451 1341 1485 terram
1354 1473 1368 1496 ,
1401 1453 1486 1485 tum
1509 1458 1682 1500 occupa-

153 1560 160 1564 ἱ
233 1500 564 1553 ἀσυὸἏῐΙιθιιειοί
583 1507 626 1550 in
641 1508 1080 1564 Megalopolitanorum
1098 1507 1277 1562 finibus„
1293 1523 1340 1549 se
1356 1509 1490 1551 statim
1508 1508 1684 1552 Achaeis

233 1576 393 1622 hostem
409 1574 597 1634 praebuit
613 1581 625 1602 ¹
641 1581 653 1602 ¹
666 1575 729 1632 0).
760 1577 878 1617 Hanc
895 1574 947 1617 ob
969 1590 1054 1617 rem
1076 1590 1167 1618 cum
1189 1590 1264 1618 rex
1286 1574 1500 1632 Philippus
1527 1574 1684 1618 bellum

232 1644 276 1686 in
292 1641 532 1687 Aetolorum
553 1650 661 1684 terra
684 1640 738 1683 ad
761 1641 884 1683 finem
913 1640 1188 1697 perduxisset,
1217 1640 1517 1699 inexspectatus
1550 1642 1683 1686 maxi-

232 1707 310 1752 mis
340 1707 553 1753 itineribus
583 1707 909 1764 Peloponnesum
940 1706 1098 1752 invadit
1132 1717 1174 1751 et
1201 1708 1244 1750 in
1270 1708 1683 1751 Lacedaemoniorum

230 1775 334 1818 fines
360 1773 519 1830 irrupit.
581 1773 721 1830 Copiis
749 1788 824 1830 per
851 1779 1068 1822 montosae,
1091 1783 1133 1815 et
1165 1774 1346 1816 desertas
1382 1773 1470 1816 vias
1508 1774 1685 1818 mirabili

233 1839 438 1890 celeritate
460 1838 689 1898 perductis,
722 1846 863 1895 quarto
886 1836 953 1880 die
976 1837 1099 1881 colles
1123 1838 1215 1882 urbi
1237 1838 1443 1897 opposhos
1470 1839 1620 1883 insedit
1642 1849 1683 1884 et

232 1906 401 1949 fluvium
428 1916 702 1961 transgressus
732 1903 928 1966 Amyclas
956 1905 1162 1962 pervenit,
1194 1905 1370 1948 maximo
1395 1908 1685 1963 Spartanorum

232 1984 407 2027 terrore,
440 1971 509 2028 qui
530 1987 623 2013 eum
646 1970 689 2012 in
712 1969 879 2013 Aetolia
893 1961 1039 2021 'imno
1065 1971 1219 2014 versari
1247 1970 1400 2029 opinati
1431 1981 1559 2015 erant.
1618 1972 1683 2014 lbi

233 2041 302 2083 die
320 2055 401 2082 uno
420 2047 642 2091 consumto,
665 2037 766 2079 dnos
782 2034 988 2094 proximos
1007 2036 1231 2082 vicinorum
1250 2038 1361 2095 agris
1386 2035 1682 2113 delmffl‘ffi

284 2215 374 2254 102)
398 2213 525 2259 Polyb.
552 2211 597 2246 11.
623 2212 682 2246 69.
711 2214 766 2246 1¹.
793 2213 886 2247 Plut.
914 2213 979 2248 vit.
1008 2212 1146 2248 Cleom.
1173 2212 1231 2246 29.
1258 2225 1336 2260 sqq.

283 2261 373 2300 103)
398 2259 524 2305 Polyb.
553 2257 613 2291 1v.
639 2260 673 2292 9.
700 2259 735 2292 4.
762 2264 798 2292 et
827 2259 882 2292 15.
908 2260 942 2292 4.
970 2259 1006 2293 6.
1033 2259 1080 2294 cf.
1111 2258 1165 2292 16.
1191 2258 1227 2293 5.

284 2306 374 2348 tm)
400 2304 532 2353 Polyb.
559 2303 619 2339 lv.
645 2306 680 2339 3.
704 2317 784 2352 sqq.
811 2304 858 2341 cs.
886 2305 981 2341 Plut.
1007 2305 1072 2341 vit.
1098 2306 1198 2342 Arat.
1222 2305 1282 2340 47.

284 2354 373 2393 105)
399 2352 527 2400 Polyb.
556 2351 612 2385 lv.
638 2353 672 2385 7.
702 2353 757 2384 16.

285 2402 374 2442 106)
400 2398 532 2447 Polyb.
560 2397 617 2432 W.
646 2398 704 2431 24.

285 2449 373 2488 ιον)
401 2446 528 2493 Polyb.
554 2445 611 2479 lv.
641 2447 702 2479 27.
730 2443 765 2478 9.
795 2445 850 2478 ιο.
871 2463 923 2469 ›-
946 2444 1005 2481 29.
1035 2447 1068 2479 1.
1094 2447 1153 2481 30.

284 2496 374 2534 108)
399 2492 527 2539 Polyb.
552 2492 611 2526 W.
638 2493 697 2528 34.
727 2495 759 2526 1.
784 2490 943 2537 Legatos
968 2491 1060 2526 nihil
1086 2493 1350 2541 respondentes
1375 2492 1609 2528 remiserunt.

282 2542 374 2581 109)
399 2539 527 2586 Polyb.
556 2538 615 2574 IV.
642 2538 817 2575 33—39.
869 2537 964 2572 Plut.
990 2539 1052 2574 vit.
1080 2540 1221 2578 Cleom.
1251 2540 1424 2577 31-39.
1475 2541 1521 2575 cl.
1548 2540 1681 2575 Mauso

236 2588 301 2669 nli
310 2587 534 2680 1031110813.
552 2597 812 2668 ΙᾚΪΡΜ-Βέλ
839 2638 875 2667 et
899 2632 959 2667 60.
