1848 2919
133 415 479 496 Conspectus
517 412 792 476 historiae
823 429 1015 469 rerum
1046 431 1082 471 a
1111 404 1583 471 Lacedaemoniis

338 495 431 562 1*
608 503 755 559 mari
793 495 1096 575 gestarum.

131 720 268 792 Res
289 741 709 788 Lacedaemoniorum
736 742 838 787 mari
865 753 1007 802 gestae
1031 741 1075 785 in
1097 740 1197 785 duas
1218 740 1410 801 periodos
1433 739 1584 800 optime

133 811 367 854 dividuntur
383 826 395 852 :
926 853 928 855 ,

206 879 241 921 1.
272 875 468 920 Periodus
488 875 764 935 complectitur
783 887 966 934 tempora
985 885 1079 919 ante
1087 874 1403 919 Atheniensium
1423 872 1583 917 cladem

274 943 529 986 Siciliensem
551 960 680 1001 usque
704 944 757 986 ad
779 958 929 986 annum
949 944 1036 986 412
1055 959 1094 986 a.
1118 944 1218 986 Chr.

187 1013 243 1055 11.
274 1012 475 1068 Tempora
488 1021 580 1068 post
593 1025 682 1054 eam
696 1026 823 1068 usque
837 1010 889 1054 ad
902 1025 1081 1069 pugnam
1092 1009 1279 1054 navalem
1288 1008 1397 1069 apud
1406 1010 1583 1063 Naxum,

272 1093 378 1120 anno
401 1078 486 1120 376
510 1093 550 1120 a.
577 1077 675 1120 Chr.

834 1182 871 1222 Ῑ.

599 1248 662 1295 A.
733 1239 1119 1295 Historia.

188 1337 299 1378 Ante
327 1335 627 1404 beffigPei-sica
654 1335 769 1378 nulla
791 1332 992 1377 maritima
1015 1332 1430 1377 Lacedaemoniorum
1456 1349 1586 1392 expe-

134 1401 233 1444 ditio
268 1400 535 1457 memor-atur,
574 1411 737 1460 praeter
761 1401 878 1443 illam
914 1398 1110 1442 adversus
1141 1402 1332 1462 Samum,
1364 1401 1479 1456 cujus
1496 1401 1585 1456 jam

133 1468 379 1513 mentionem
416 1469 511 1512 feci.
569 1468 843 1524 Ignorantiam
881 1482 1015 1509 rerum
1050 1466 1314 1523 gentiumque
1351 1467 1585 1510 transmari-

133 1550 273 1577 narum
302 1535 346 1578 in
378 1535 522 1578 Asiam
554 1534 668 1577 missi
695 1533 825 1592 legati
845 1542 1064 1587 testantur,
1096 1533 1166 1589 qui
1187 1535 1339 1592 Cyrum
1363 1533 1484 1577 minis
1507 1536 1584 1577 ab·

133 1611 349 1644 sterterent
371 1614 423 1644 ne
446 1605 622 1646 Graecas
647 1602 829 1646 civitates
851 1599 1162 1656 aggrederetur,
1196 1600 1304 1657 quod
1332 1600 1520 1658 Spartani
1540 1601 1586 1644 id

133 1684 215 1711 non
248 1668 484 1726 permissuri
514 1678 649 1712 essent
668 1674 683 1696 ⁵
696 1669 742 1726 ⁹)
771 1679 812 1712 et
840 1668 945 1710 hane
965 1666 1234 1723 ignorantiam
1256 1666 1309 1710 ad
1328 1668 1437 1711 bella
1457 1684 1587 1724 usque

132 1735 295 1779 Persica
312 1735 583 1794 permansisse
600 1737 832 1781 Herodotus
857 1736 982 1779 docet?
994 1733 1085 1791 ⁶⁰).

187 1803 340 1847 Mirum
362 1803 510 1861 aliquis
533 1812 696 1862 putaret
718 1801 1064 1847 Lacedoemonios
1088 1801 1197 1860 apud
1220 1802 1585 1851 Artemisiumde-

134 1884 221 1912 cem
250 1879 405 1914 tantmn
437 1881 563 1914 naves
593 1870 854 1928 praebuisse,
886 1886 977 1913 cum
1003 1883 1130 1928 parva
1153 1883 1256 1925 gens
1278 1869 1585 1925 Megarensium

180 1989 247 2030 59)
272 1989 452 2026 Herodot.
477 1990 504 2024 1.
534 1990 614 2024 152.

181 2036 248 2085 60)
272 2037 451 2072 Herodot.
478 2035 571 2072 VIII.
601 2039 679 2072 132.
708 2041 744 2074 οἱ
771 2037 996 2087 προήγαγον
1021 2038 1155 2079 αὐτοὺς
1178 2036 1294 2085 μόγις
1310 2040 1423 2085 μέχρι
1443 2035 1584 2080 Δήλου·

134 2081 174 2118 τὸ
196 2082 269 2131 γὰρ
290 2086 514 2132 προσωτέρω
535 2086 614 2133 πᾶν
632 2084 761 2121 δεινὸν
784 2081 831 2131 ἧν
848 2091 944 2121 τοῖσι
954 2085 1115 2131 Ἕλλησι,
1131 2084 1214 2122 οὔτε
1233 2087 1308 2119 τῶν
1320 2083 1463 2131 χώρων
1481 2086 1581 2119 ἐοῦσι

134 2133 348 2178 ἐμπείροισι
369 2152 412 2159 -
429 2150 476 2157 —-
500 2130 567 2177 τὴν
586 2133 629 2168 δὲ
646 2130 784 2180 Σάμον
803 2136 996 2171 ἐπιστέατο
1022 2133 1111 2180 ὃὸξη
1142 2130 1427 2178 καὶ»“Ηρακλέας
1450 2128 1586 2176 στήλας

135 2182 219 2215 ἴσον
242 2179 408 2225 ἀπέχειν,
433 2177 501 2217 ubi
519 2180 671 2216 Wessel.
691 2186 864 2216 annotat:
891 2176 1016 2227 ⁷„haud
1028 2174 1289 2219 districtehaec
1300 2192 1377 2214 esse
1390 2179 1589 2224 sumenda,-

134 2237 206 2260 nec
235 2226 280 2261 de
307 2225 485 2265 omnibus·
506 2226 661 2263 omnino
689 2228 863 2271 Graecis,
890 2241 977 2264 nam
997 2229 1287 2265 Atheniensibus
1316 2238 1383 2260 ora
1411 2226 1517 2261 Asiae
1548 2232 1585 2260 et

135 2272 316 2309 Thraciae
355 2272 403 2309 ad
430 2274 707 2322 Hellespontum
735 2275 1036 2325 navigationibus
1076 2276 1115 2312 in
1157 2277 1329 2324 Sigeum,
1373 2273 1583 2319 Ephesum,

137 2319 484 2371 Chersonesumque
498 2323 791 2368 exploratissima
806 2323 929 2369 fuisse,
958 2336 1078 2371 neque
1089 2321 1281 2370 Spartanis
1301 2321 1468 2367 ignotum
1482 2320 1584 2354 Sami

136 2366 367 2415 viciniaeque
387 2368 533 2403 situm.''
556 2368 754 2413 (Herodot.
776 2368 841 2408 Ill.¹
854 2372 935 2411 46.)
959 2371 1032 2406 Sed
1054 2366 1455 2409 siranimadvertimus,
1479 2367 1586 2401 The-

136 2410 341 2449 mistoclem
362 2414 473 2450 fuisse
496 2414 561 2461 qui
578 2415 859 2452 Atheniensibus
882 2418 1032 2454 classem
1051 2423 1224 2470 pararet,
1260 2425 1343 2448 cum
1370 2419 1480 2448 antea
1509 2420 1586 2448 tam

136 2458 239 2509 Piss'yi
258 2468 352 2496 esset
373 2463 568 2506 momenti,
596 2468 637 2497 ut
660 2462 789 2510 paucis
809 2465 915 2502 annis
937 2471 1022 2500 ante
1049 2475 1086 2498 ιη
1117 2464 1214 2498 beno
1238 2467 1371 2496 contra
1389 2462 1439 2496 Ae
1468 2460 1588 2496 inetas

135 2506 266 2549 vngmti
289 2508 447 2543 mutuati
471 2510 544 2544 sint
566 2520 681 2544 naves
708 2521 730 2545 a
752 2510 976 2555 Corinthiis,
1003 2510 1180 2546 Herodot.
1201 2508 1259 2543 Vl.
1280 2508 1340 2543 89.
1359 2515 1398 2544 et
1416 2509 1448 2543 T
1476 2508 1585 2555 ucyd.

138 2547 166 2583 1·
191 2550 271 2595 4¹.‚
305 2554 460 2601 Spartae
488 2568 578 2592 vero
609 2568 652 2590 ex
680 2556 743 2591 illa
765 2559 995 2605 expeditione
1022 2558 1111 2598 (525
1132 2568 1166 2592 a.
1186 2556 1277 2597 Ch.)
1298 2567 1419 2604 usque
1442 2556 1491 2591 ad
1513 2556 1586 2590 hoc

136 2595 274 2648 bellum
302 2612 434 2637 novam
456 2616 574 2650 paene
598 2604 873 2651 generationem
898 2604 1097 2647 exstitisse,
1125 2603 1294 2640 omnium
1316 2615 1445 2640 rerum
1469 2614 1585 2638 nava—

137 2642 229 2678 hum
251 2654 455 2695 expertem,
482 2657 516 2686 et
535 2651 730 2690 Herodoto
751 2652 911 2699 aliquam
938 2650 1045 2686 fidem
1068 2651 1287 2689 tribuemus.
