1848 2919
799 163 1137 205 ..60-

239 265 489 313 Antisthene
510 264 714 321 assumto,
744 265 930 308 Rhodios
953 263 1008 306 ad
1041 262 1314 305 defectionem
1344 264 1549 323 compellit
1569 269 1581 291 ¹
1594 267 1610 289 2
1624 262 1716 319 ¹),-

240 330 482 374 Alcibiades
498 330 836 375 Lacedaemoniis
862 339 1073 389 suspectus
1099 328 1326 387 capitisque
1356 331 1579 387 pei-'nilum
1607 344 1697 373 me·-

245 407 364 440 tuens
391 397 445 441 ad
473 396 791 454 Tissaphernem
823 413 870 441 se
895 396 1086 452 contulit,
1115 396 1256 453 ibique
1280 411 1402 453 quam
1425 398 1603 442 maxime
1620 413 1697 456 po-

242 464 321 506 tuit
341 464 504 507 illorum
526 464 652 507 rebus
677 464 810 508 obfuit
832 464 950 521 ¹²²).

300 528 416 584 Chii,
448 529 545 583 dum
565 530 883 574 Lacedaemonii
901 529 1090 574 Miletum
1105 529 1282 584 reversi,
1306 528 1367 571 ab
1379 513 1702 585 mensibus

243 593 357 637 Sami
378 595 594 638 stationem
617 596 851 639 tenentibus
870 595 1167 654 impediuntur,
1198 610 1277 652 quo
1291 593 1426 637 minus
1440 592 1527 637 mis
1546 596 1702 640 auxilio

244 661 436 715 veniant,
486 661 704 707 obsidione
736 662 975 719 defatigati,
1018 677 1110 705 cum
1146 661 1468 714 Atheniensibus
1491 676 1533 718 ‘p
1574 712 1576 715 v
1649 709 1665 714 „-

245 727 393 769 navale
417 742 549 784 aequo
570 722 706 770 Marte
732 727 985 771 committunt
1001 728 1126 784 1²³),
1157 742 1305 784 quare,
1336 742 1459 784 quum
1472 729 1531 769 At
1557 728 1565 742 λ’

246 791 352 834 sium
375 795 608 849 praefectus
622 793 945 837 Strombichides
967 793 1105 849 paullo
1120 803 1213 850 post
1231 773 1707 852 inHellespontuffl
1719 783 1732 792 ⁸

247 856 454 912 dedisset,
484 858 558 900 ubi
581 857 842 917 Dercyllidas
864 861 1089 916 Spartanus
1110 859 1201 914 jam
1218 859 1426 923 Abydum
1441 870 1483 903 et
1505 863 1706 917 Lampsa-

249 937 342 965 cum
373 924 427 966 ad
460 924 734 968 defectionem
771 924 1037 979 sollicitat-at,
1078 924 1394 968 Lacedaemonii
1425 934 1467 968 et
1503 924 1597 968 Chii
1634 940 1707 967 su-

249 990 433 1048 periores
456 990 500 1033 in
524 991 627 1034 mari
649 991 865 1035 evaserunt
886 997 898 1018 ¹
912 991 1012 1047 ²⁴),
1042 989 1147 1034 adeo
1176 1000 1222 1034 ut
1248 991 1505 1050 Astyochus,
1535 990 1709 1033 militum

250 1056 417 1100 tandem
432 1056 626 1099 conviciis
639 1067 863 1100 commotus
883 1064 895 1084 ¹
909 1063 925 1085 2
938 1057 999 1115 ⁵),
1011 1057 1206 1101 Chiorum
1220 1056 1392 1100 navibus
1406 1057 1593 1100 assumtis
1609 1063 1619 1084 ¹
1633 1062 1650 1084 ²
1661 1056 1709 1113 ⁶)

248 1122 529 1166 Athenienses
543 1123 597 1166 ad
604 1123 816 1182 proelium·
827 1132 1066 1182 provocaret
1085 1124 1180 1177 sed,
1198 1119 1511 1165 'Strombichide
1525 1138 1709 1177 reverso,

255 1188 421 1231 navium
433 1205 602 1232 numero
614 1190 770 1246 diffisus
780 1191 824 1233 id
841 1192 1083 1233 detrectaret
1101 1195 1113 1217 ¹
1127 1194 1143 1215 ²
1155 1193 1169 1214 ⁷
1178 1187 1218 1245 ).
1249 1188 1540 1246 Peloponnesii
1555 1204 1654 1232 vero
1667 1188 1712 1230 in

254 1254 344 1298 dies
357 1256 555 1313 pecuniae
566 1256 705 1314 inopia
724 1258 855 1314 magis
868 1256 1067 1315 oppressi,
1087 1271 1178 1298 cum
1184 1254 1713 1313 Tissaphernes'Alcibiadis
1738 1262 1747 1268 ”

255 1321 412 1364 artibus
431 1322 575 1374 dms
585 1353 599 1375 ,
630 1321 878 1380 stipendium
900 1322 1081 1377 segniter
1101 1321 1280 1364 solveret
1302 1329 1344 1362 et
1362 1321 1467 1387 falsa
1484 1336 1558 1377 spe
1576 1320 1714 1362 Phoe-

257 1385 460 1428 nissamm
494 1386 660 1430 navium
695 1388 895 1432 adventus
933 1387 1075 1431 classis
1114 1387 1257 1431 florem
1289 1372 1562 1461 ωτι-ὑετοί
1586 1387 1598 1409 ¹
1612 1390 1629 1413 ²
1640 1385 1713 1443 ⁸),

257 1451 524 1495 Pharnabazo
563 1454 727 1497 tandem
767 1455 999 1497 mercedem
1039 1455 1236 1509 mestrem
1272 1453 1523 1511 promittenti
1562 1449 1717 1496 morem

258 1527 475 1572 gessenmt
499 1527 540 1561 et
561 1519 803 1563 clearchum
826 1535 916 1562 cum
938 1518 1086 1575 viginti
1105 1534 1181 1561 sex
1205 1518 1379 1562 navibus
1402 1518 1446 1561 in
1468 1516 1717 1576 Hellespon-

260 1591 347 1625 tum
370 1583 520 1627 misere
542 1591 554 1612 ¹
568 1587 643 1644 29)
654 1617 669 1641 ‚
700 1603 822 1644 quem
844 1594 987 1644 postea
1010 1584 1247 1639 Mindarus,
1278 1583 1481 1643 Astyochi
1494 1598 1716 1638 successor,

311 1680 400 1722 121)
425 1678 594 1728 Thucyd.
614 1679 712 1715 VIII.
738 1681 798 1716 44.

313 1726 400 1769 122)
426 1725 480 1761 Ib.
502 1728 560 1760 45.
587 1726 666 1775 s'qq.
693 1727 739 1763 cf.
757 1729 869 1764 infra.

298 1773 403 1823 .123)
428 1773 598 1808 XXXVI
618 1785 749 1819 naves,
776 1774 919 1810 Leohte
941 1769 1250 1821 Spartano'duce
1279 1778 1412 1807 contra
1438 1769 1591 1807 XXXII
1607 1769 1720 1805 Athe-

264 1828 427 1853 menses.
454 1819 620 1867 Thucyd.
640 1819 736 1855 VIII.
758 1820 817 1856 61.
1169 1827 1171 1829 ’

318 1865 408 1904 124)
433 1866 603 1912 Thucyd.
626 1866 723 1900 VIII.
745 1867 803 1900 61.
830 1866 1079 1911 Lampsacum
1097 1872 1220 1899 tamen
1239 1863 1352 1898 nullis
1369 1863 1486 1898 muris
1501 1869 1722 1897 exstructam

272 1908 412 1945 iterum
434 1918 665 1957 recuperant
675 1911 912 1946 Athenienses
933 1911 983 1945 ib.
1003 1910 1061 1945 62.
1085 1910 1147 1948 Ἐν
1161 1909 1278 1956 τούτῳ
1301 1911 1343 1947 δὲ
1363 1912 1399 1945 οἱ
1412 1914 1506 1945 Χῖοί
1521 1922 1559 1944 τε
1574 1910 1723 1944 θαλασ-

273 1954 504 2003 σοκράτορες
531 1958 747 2005 (Hrueger,
774 1971 812 2006 p.
834 1959 918 1994 301.
940 1963 1017 1992 not.
1037 1957 1117 1999 66.)
1145 1960 1294 2005 μᾶλλον
1326 1960 1500 2005 ἐγένοντο
1528 1959 1593 1992 καὶ
1617 1958 1652 1992 οἱ
1683 1957 1725 1992 ἐν

269 2006 313 2052 τῇ
333 2001 492 2049 Μιλήτῳ
512 2003 562 2039 ib.
584 2005 644 2038 63.
770 2038 776 2043 ,
841 2037 845 2041 ,

321 2051 409 2091 125)
436 2050 604 2099 Thucyd.
619 2050 712 2086 VIII.
727 2052 784 2086 78.
812 2049 1189 2101 δί-στρατιῶϊαι-
1201 2048 1362 2098 διεβόων
1376 2048 1425 2089 ὡς
1440 2047 1514 2085 ὑπὸ
1527 2045 1725 2095 Λστυόχου

269 2101 334 2133 καὶ
357 2102 647 2145 Τισσαφέρνους
677 2104 879 2147 φθείρεται
903 2098 948 2135 τὰ
976 2097 1203 2149 πράγματα,
1241 2101 1307 2134 τοῦ
1331 2098 1405 2144 μὲν
1438 2096 1506 2132 οὐκ
1532 2097 1728 2134 ἐθέλοντος

270 2143 356 2180 οὔτε
377 2143 572 2193 πρότερον
586 2150 800 2191 ναυμαχεῖν
819 2160 852 2181 κ.
873 2160 903 2181 τ.
925 2149 957 2181 λ.
1398 2186 1401 2188 ,

321 2191 408 2234 126)
433 2191 530 2226 Num
551 2191 752 2227 duodecim
771 2192 1028 2237 mammillas,
1056 2202 1148 2240 quas
1161 2189 1392 2227 Antisthenes
1405 2187 1612 2224 adduxerat
1624 2184 1726 2220 c.61.

272 2237 464 2282 assumsit,
491 2244 534 2273 ut
556 2238 748 2286 Rrueger‚
804 2264 813 2273 .
832 2240 915 2273 303.
938 2240 1195 2274 demonstrare
1214 2240 1398 2282 conatur,
1426 2246 1474 2272 an
1492 2232 1617 2281 potius
1636 2233 1727 2267 uni-

272 2282 429 2320 versas?
450 2283 503 2318 «cf.
524 2284 676 2318 Goeller
696 2285 744 2319 ad
798 2285 939 2332 hucyd.
960 2284 1056 2319 VIII.
1077 2284 1138 2319 63.
1477 2294 1480 2298 ·

322 2332 409 2374 127)
432 2330 603 2377 Thucyd.
630 2330 724 2365 VIII.
750 2331 811 2365 79.
840 2330 1033 2367 Seditione
1051 2337 1177 2366 tamen
1194 2328 1412 2376 composita.
1736 2349 1739 2352 ·

323 2377 410 2421 128)
437 2376 606 2425 Thucyd.
626 2376 721 2411 VIII.
743 2378 804 2413 46.
830 2381 909 2414 Καὶ
927 2377 992 2418 τὰς
1011 2382 1219 2417 Φοινίσσας
1246 2379 1339 2416 ναῦς
1363 2369 1647 2429 φάσιςωνῆξεμ
1665 2373 1730 2428 καὶ.

274 2425 316 2459 ἐκ
347 2423 545 2473 περιόντος
565 2423 815 2470 ἀγωνιεῖσθαι
835 2427 995 2473 ἔφθειρε
1016 2424 1060 2459 τὰ
1083 2422 1310 2471 πράγματα,
1337 2419 1497 2477 καὶΙτὴν
1518 2431 1644 2464 ακμην
1664 2432 1729 2454 του

275 2475 453 2507 ναυτικοῦ
473 2471 598 2507 αὐτῶν
620 2470 796 2518 ἀφείλετο
809 2500 818 2517 ‚
844 2474 1057 2520 γενομένην
1076 2470 1149 2506 καῖ’
1160 2469 1262 2506 πανὺ
1286 2473 1459 2517 ἰσχυραν.

325 2518 410 2563 129)
436 2518 641 2555 Clearchus
663 2531 749 2555 cum
773 2519 841 2554 XL
861 2518 1020 2555 navibus
1043 2516 1315 2564 proficiscitur,
1351 2523 1511 2563 quarum
1538 2523 1622 2547 cum
1647 2524 1730 2547 ma-

276 2564 372 2599 xima
394 2577 481 2612 pers
499 2571 717 2613 tempestate
736 2568 872 2611 jactata
884 2565 1059 2601 Miletum
1079 2576 1230 2599 reversa
1252 2570 1360 2607 esset,
1387 2567 1423 2595 et
1443 2558 1569 2593 decem
1587 2564 1731 2594 tantum

277 2610 410 2646 Helixo
432 2612 643 2659 Megarensi
666 2611 761 2648 duce
785 2612 824 2647 in
837 2613 1116 2659 Hellespontum
1138 2605 1412 2657 pervenissem,
1439 2604 1640 2657 Clearchus
1651 2611 1731 2639 ter-

277 2658 391 2693 restri
413 2658 550 2694 iu'nere
573 2659 699 2694 eodem
723 2658 936 2703 contendit,
966 2668 1077 2704 quem
1106 2663 1228 2693 tamen
1257 2667 1342 2691 mox
1364 2652 1521 2688 sedemm
1540 2663 1653 2689 naves
1667 2662 1733 2686 'se-

279 2714 384 2743 cutas
403 2717 483 2741 esse
504 2717 525 2741 a
547 2706 718 2753 Thucyd.
739 2706 830 2741 VIII.
852 2705 911 2741 99.
940 2705 1132 2740 docemur.
