1848 2919
763 126 1107 167 -38-

208 241 314 270 neve
339 218 461 281 verns
484 226 631 270 civium
654 226 841 271 militaris
867 224 1049 279 animus,
1079 239 1160 281 quo
1183 234 1267 268 tota
1289 225 1539 285 reipublicae
1563 238 1661 267 con-

208 293 384 350 stitutio,
408 293 671 351 omniumque
693 293 965 337 institutorum
988 291 1119 336 forma
1133 299 1222 334 erat
1234 290 1361 348 fulta,
1391 293 1660 351 frangeretur,

209 359 246 402 si
267 360 445 418 populus
465 359 634 403 militiae
650 360 788 404 navali
808 373 974 417 operam
996 357 1112 401 daret
1130 363 1141 385 ¹
1155 359 1217 416 ²).
1253 360 1348 401 Non
1375 360 1483 404 enim
1501 358 1662 403 fertitu-

210 426 299 470 dini
321 428 465 471 solumn
487 426 562 469 sed
594 425 899 484 quibuscunque
923 424 1140 469 virtutibus
1159 424 1349 469 navalem
1373 425 1559 473 militiam
1587 441 1662 469 no-

212 509 305 537 cere
325 494 409 537 an'
465 493 545 537 itus
569 503 768 551 putatum,
799 503 840 536 et
859 502 1012 554 nautae>
1024 492 1188 536 omnino
1205 493 1312 536 male
1330 492 1551 537 audiebant
1567 500 1579 521 ¹
1594 493 1661 550 3);

212 563 383 608 novum}
439 603 475 623 ᾖ,
494 575 515 603 r
544 563 736 620 Lycurgo
767 567 1073 616 argumentum,
1102 568 1148 602 ut
1168 558 1324 603 animos
1348 554 1496 605 civium
1515 574 1541 602 a
1563 559 1664 602 mari
1699 563 1702 566 ’

211 635 428 669 averteret.
1676 674 1678 677 v

268 691 348 734 His
373 691 512 748 itaque
546 691 770 748 ratiom'bus
799 691 942 735 ductus
964 695 1179 751 Lycurgus
1213 692 1258 735 in
1284 692 1446 750 legibus
1477 690 1561 735 suis
1595 700 1665 733 ant

209 758 439 822 maritimQ*
467 759 750 818 expeditiones
778 775 943 818 prorsus
975 758 1179 817 neglexit,
1219 759 1350 816 iisque
1373 775 1427 803 ne
1450 757 1666 803 'minimum

209 826 377 883 quidem
392 826 574 869 attribuit
591 826 801 880 honorem,
828 838 897 878 aut
918 841 987 869 eas
1009 826 1260 884 reipublicae
1276 826 1548 870 institutiones
1569 825 1667 868 fecit

211 892 360 951 quibus
385 891 697 950 prohiberentur
723 908 892 936 necesse
924 892 1024 948 fuit3
1064 907 1188 951 quare
1217 908 1300 936 non
1330 891 1557 945 mirandum
1578 902 1665 946 est,

207 960 248 1002 si
266 962 556 1018 Spartanorum
576 962 747 1018 classem
768 977 897 1018 usque
926 961 979 1004 ad
1009 970 1191 1019 tempora
1208 960 1312 1004 belli
1332 958 1667 1018 Peloponnesiaci

157 1083 161 1087 .
211 1037 417 1084 postrema
437 1036 477 1069 et
494 1027 696 1084 paucitate
717 1027 881 1070 navium
901 1036 942 1069 et
964 1027 1167 1085 imperitia
1191 1028 1338 1070 ducum
1361 1037 1402 1069 et
1421 1026 1567 1069 inertia
1587 1024 1665 1067 mi-

210 1093 329 1137 litum
357 1092 544 1137 laborare
567 1092 768 1137 videmus.
816 1096 922 1137 Nam
946 1109 1067 1150 quam
1090 1094 1263 1138 civitatis
1292 1094 1463 1137 formam
1481 1091 1666 1152 *Lycurgi

209 1158 393 1204 instituta
420 1160 664 1215 attulerunt,
696 1175 784 1203 eam
806 1160 975 1203 navales
997 1177 1064 1204 res
1083 1170 1125 1203 et
1145 1160 1364 1206 maritimas
1383 1159 1665 1217 expeditiones

211 1227 254 1269 iu
272 1235 517 1269 contemtum
535 1226 686 1269 ducere
707 1227 909 1284 oportuit,
940 1243 1046 1284 quae
1066 1226 1174 1286 ergd
1192 1227 1487 1269 Perioecorum
1507 1237 1548 1270 et
1570 1226 1664 1267 He-

212 1290 344 1333 lotum
366 1295 487 1356 curae
507 1308 672 1350 prorsus
694 1293 862 1342 relictae
887 1303 1016 1338 erant.
1032 1321 1091 1329 —
1105 1297 1208 1339 cam
1221 1294 1266 1337 in
1287 1304 1487 1352 potestate
1505 1293 1666 1336 urbium

213 1358 503 1406 maritimarum
533 1358 663 1403 omnis
694 1369 802 1403 esset
828 1370 1051 1404 mercatura
1075 1372 1115 1405 et
1132 1361 1321 1419 Spartani
1348 1360 1567 1418 antiquitus
1593 1376 1664 1402 us-

212 1439 293 1481 que
320 1426 374 1468 ad
398 1425 561 1482 Persica
594 1426 706 1468 bella
737 1431 948 1470 ne-naves
979 1428 1143 1484 quidem
1171 1427 1403 1486 possedisse
1427 1426 1662 1482 videantur,

212 1509 295 1536 non
310 1492 477 1535 dubium
498 1502 574 1546 est,
606 1492 703 1548 quin
729 1492 808 1535 hae
827 1494 949 1536 urbes
974 1505 1015 1537 et
1036 1492 1180 1537 nalutas
1201 1505 1242 1537 et
1264 1510 1390 1537 naves
1406 1495 1663 1551 praeberent,

211 1560 359 1616 quibus
395 1560 404 1569 “
477 1568 487 1580 '⁸
574 1574 724 1617 paucas
756 1559 1002 1618 minorisque
1031 1559 1224 1604 momenti
1250 1559 1531 1618 expeditiones
1555 1560 1665 1603 indi-

212 1627 364 1683 gebant
382 1633 394 1653 ¹
409 1632 424 1653 ³
486 1657 498 1670 .
544 1625 1069 1671 Maritima'Messeniorum
1097 1627 1247 1685 oppida
1268 1626 1312 1670 in
1334 1627 1479 1670 horum
1497 1642 1666 1670 numero

211 1693 465 1750 potissimum
487 1694 617 1737 fuisse
639 1695 846 1752 suspicor,
878 1693 973 1750 quia
996 1694 1194 1736 Messenii
1214 1694 1457 1749 jamdudum
1486 1710 1576 1736 cum
1600 1694 1665 1735 in-

212 1759 367 1802 sulanis
402 1758 544 1804 vicinis
577 1761 818 1805 commercia
841 1760 1047 1820 habebant
1068 1766 1080 1788 ¹
1096 1760 1141 1818 ιι)
1173 1760 1354 1817 marique
1384 1758 1514 1816 magis
1546 1775 1666 1817 quam

210 1890 401 1971 pegmulgis
427 1897 595 1926 veterum
623 1891 713 1927 locis
740 1898 919 1940 apparet,
958 1900 1052 1938 quae
1082 1889 1231 1937 collegit
1259 1889 1320 1925 Fr.
1343 1889 1552 1938 Hermann,
1586 1893 1610 1928 l.
1639 1869 1682 1927 tf

212 1959 238 1983 Β.
263 1941 323 2022 12¹)
349 1949 525 2018 Milsiffim
546 1984 713 2018 navalem
732 1996 844 2020 verae
865 1983 1078 2019 fortitudini
1101 1983 1227 2019 obesse
1259 1985 1333 2027 jam
1359 1985 1465 2021 Plato
1495 1985 1541 2021 de
1567 1986 1661 2034 legg.

212 2030 268 2066 lv.
297 2031 368 2065 706
387 2037 423 2065 et
443 2032 523 2064 707.
548 2031 590 2064 A.
611 2030 772 2066 affirmat
799 2052 840 2057 ——-
867 2030 925 2067 ὅτι
947 2030 1067 2067 κακὸν
1095 2033 1137 2067 ἰν
1172 2029 1346 2080 θαλάσσῃ
1370 2030 1530 2079 τριήρεις
1552 2031 1663 2068 ὁπλί-

212 2080 290 2118 ἰαῐς
314 2081 554 2124 παρεστῶσαι.
578 2082 821 2126 μαχομένοις.

246 2126 324 2205 Ili)
347 2125 472 2204 Baehr-
485 2125 544 2205 *adl
570 2124 664 2159 Plut.
688 2125 831 2171 Philop.
857 2138 891 2160 c.
911 2124 966 2159 14.
999 2137 1035 2172 p.
1056 2124 1114 2158 53.
1152 2124 1215 2172 qui
1234 2124 1360 2166 laudat
1380 2125 1514 2161 Juven.
1540 2127 1661 2174 Satyr.

213 2173 240 2205 V
301 2198 309 2206 .
343 2175 382 2204 17
411 2198 420 2207 .
448 2178 483 2206 et
509 2183 529 2205 a
546 2198 554 2206 .
1518 2203 1522 2211 ,
1572 2190 1574 2192 v
1669 2174 1676 2179 “

261 2220 345 2253 13““)
371 2216 588 2263 Huiusmodi
605 2224 713 2253 erant
735 2216 932 2266 hospitalia
953 2217 1329 2271 Spartanorumscum
1350 2216 1491 2254 Croeso
1514 2219 1665 2267 negotia

210 2266 309 2314 apud
322 2265 502 2301 Herodot.
522 2264 551 2299 I.
572 2264 630 2304 69.
652 2268 701 2299 70
718 2272 754 2301 et
774 2266 819 2299 83
859 2266 904 2300 Et
924 2265 1059 2300 demde
1076 2264 1260 2312 expeditio
1280 2271 1411 2301 contra
1429 2266 1662 2314 Polycratem

211 2314 311 2349 Sami
331 2314 556 2356 tyrannum,
583 2312 647 2347 uhi
669 2319 789 2348 tamen
805 2311 990 2348 Corinthii
1008 2324 1065 2347 ma
1096 2312 1201 2356 'nam
1223 2311 1371 2348 navium
1391 2319 1535 2360 partem
1552 2326 1676 2360 ,prae-v

212 2354 543 2396 butsbe'videntur.
572 2359 755 2398 Herodoti<
774 2360 836 2394 111.
859 2360 917 2395 39.
940 2359 998 2393 44.
1022 2371 1036 2393 s
1105 2368 1109 2373 '
1128 2359 1265 2405 ταύτην
1288 2358 1440 2414 πρώτην
1457 2366 1663 2406 ,στραῑηίην

213 2410 249 2447 ἐς
259 2406 325 2452 τὴν
340 2407 466 2452 Ἀσίην
477 2410 640 2449 Δωριέες
650 2405 888 2451 ἐποιήσαντ’).
915 2406 963 2442 ib.
986 2406 1042 2440 56.
1072 2406 1142 2442 Sed
1164 2412 1362 2457 occupatio
1382 2407 1486 2444 urhis
1505 2408 1661 2452 validae,

216 2453 472 2490 resistentibus
494 2453 582 2488 viris
601 2452 872 2488 maritimarum
891 2465 1018 2488 rerum
1038 2451 1269 2499 peritissimi*-
1285 2451 1474 2498 (Mueller,
1496 2454 1662 2502 Aeginet.

214 2514 250 2547 p.
268 2499 314 2533 67
337 2508 374 2536 et
389 2502 466 2540 68.)
495 2500 879 2535 Lacedaemoniorum
902 2499 1000 2534 vires
1021 2501 1236 2547 superabat.
1263 2500 1320 2535 De
1341 2501 1460 2537 causis
1482 2500 1588 2543 hujus
1609 2514 1664 2537 ex-

215 2545 414 2595 peditionis
446 2547 492 2583 cf.
515 2547 669 2592 Mauso,
704 2547 860 2595 Sparta,
888 2544 916 2581 Ι.
939 2559 974 2594 p.
993 2547 1074 2587 300.
1098 2543 1229 2585 notio.
1256 2547 1494 2593 efMuener,
1521 2549 1614 2585 Dor.
1636 2549 1663 2584 I.

213 2609 248 2642 p.
276 2596 356 2629 171.
434 2593 445 2628 i
478 2594 515 2629 in
539 2594 661 2629 studio
685 2595 959 2642 Spartanorum
989 2605 1115 2629 omnes
1146 2595 1246 2632 illius
1275 2594 1453 2640 temporis
1485 2602 1663 2644 tyrannos

213 2640 382 2687 expellen
412 2639 423 2673 i
450 2651 596 2675 causam
625 2640 776 2676 invenit.

263 2687 307 2721 14
350 2686 456 2722 Paus.
484 2684 544 2720 lv.
572 2687 629 2722 26.
658 2690 688 2719 3.

1149 2747 1173 2772 gie
