1848 2919
654 183 989 226 -93-

99 298 282 344 satrapae
303 283 595 340 Tissaphernes
612 288 626 310 ³
641 289 652 311 ¹
666 284 713 341 ὅ)
736 293 778 326 et
796 283 1080 329 Pharnabazus
1101 290 1116 313 ³
1132 290 1144 312 ²
1157 284 1203 343 ⁷)
1225 285 1447 341 Spartanos
1466 278 1551 338 ipsi

98 357 141 399 in
169 352 314 397 Asiam
345 358 559 402 vocarent,
597 359 751 404 „utet
775 349 924 394 tributa
951 355 1194 397 Graecarum
1223 348 1409 404 urbium,
1441 363 1548 405 quae

100 436 173 465 rex
190 418 243 460 ab
264 414 580 473 iispostulavit,
613 415 780 471 exigere
801 427 987 472 possent,
1031 418 1140 474 quod
1171 417 1381 473 hucusque
1407 415 1546 458 Athe-

99 487 260 531 nienses
278 480 588 541 impediverant,
618 490 659 524 et
668 484 894 540 Amorgem
906 483 1102 526 rebellem
1115 483 1424 528 devincerent.'’
1443 488 1458 509 ³
1472 489 1485 510 ¹
1498 484 1546 540 ⁸)

146 547 470 610 Tissaphernes,
502 548 567 591 cui
598 549 772 607 primum
803 549 998 592 auxilium
1032 550 1225 595 miserunt
1246 557 1261 579 ³
1275 558 1286 579 ¹
1301 553 1348 610 ⁹)
1383 566 1548 610 quoque

99 621 166 664 die
188 620 332 675 cuique
356 615 474 658 militi
497 616 728 659 drachmklm
752 614 932 659 Atticam
952 618 1209 675 suppeditare
1234 618 1438 676 pollicitus
1457 628 1544 674 est,

99 686 207 743 quod
228 694 365 727 tamen
388 682 635 740 stipendium
658 684 701 726 in
722 698 846 724 unum
871 692 1024 725 tantum
1043 700 1222 726 mensem
1244 685 1409 741 plenum
1433 684 1548 727 dedit

99 762 140 796 et
160 749 310 794 deinde
324 759 405 791 tres
427 751 623 793 duntaxat
640 751 783 793 obolos
796 750 1008 810 soluturus
1024 758 1122 802 erat,
1154 749 1282 791 donec
1297 765 1372 792 rex
1384 751 1547 807 plenam

100 818 330 861 drachmam
360 816 625 859 concessisset
645 822 686 844 ⁵²
699 817 761 874 ⁰).
816 819 1080 859 Hermocrate
1111 824 1247 858 tamen
1275 815 1474 858 renitente
1499 831 1548 858 eo

97 885 284 928 inductus
306 892 390 938 est,
423 893 469 926 ut
493 883 625 940 quinis
645 882 817 928 navibus
836 892 1041 926 menstrua
1062 879 1213 925 talenta
1240 881 1342 937 tria,
1372 882 1549 939 ideoque

99 949 270 1007 singulis
295 949 469 993 navibus
500 950 665 1006 triginta
695 967 771 994 sex
805 950 934 993 minas
960 959 1002 992 et
1026 950 1177 993 viritim
1198 955 1240 976 ³²
1257 950 1298 1006 ¹)
1325 949 1549 992 octodecim

99 1016 308 1060 drachmas
323 1016 376 1073 lin
396 1032 593 1072 mensem,
625 1032 723 1074 ergo
747 1018 836 1071 37⁵
863 1016 1005 1059 obolos
1025 1015 1069 1058 in
1088 1016 1197 1059 diem
1217 1015 1412 1067 tribueret
1427 1021 1442 1042 ³
1454 1021 1470 1042 2
1483 1015 1546 1072 ²).

97 1084 183 1127 Sed
205 1099 296 1126 cum
313 1082 552 1126 Alcibiades
569 1084 622 1126 ad
631 1082 946 1139 Tissaphernem
959 1082 1221 1137 confugisset,
1249 1078 1413 1124 ἐκάκου
1430 1080 1549 1138 πρὸς

98 1145 235 1192 αὐτὸν
262 1145 371 1192 ὅσον
391 1147 441 1191 ed
453 1145 570 1227 (2343
598 1145 796 1203 μάλιστα
814 1148 902 1191 τῶν
912 1144 1296 1206 Πελοποννησίων
1317 1145 1373 1189 τὰ
1400 1143 1549 1205 πράγ-

96 1231 231 1270 ματα,
264 1214 343 1258 καὶ
366 1208 640 1273 ‹ind-'fsssss'gi'j
662 1212 841 1258 πάντων
860 1210 1117 1270 γιγνόμενος
1136 1210 1216 1256 vvir
1236 1229 1285 1256 τε
1311 1216 1549 1271 μισθοφο-

97 1280 180 1340 ρὰν
203 1280 454 1336 ξυνέτεμεν,
488 1272 591 1324 ἆνῒὶ
614 1281 814 1339 δραχμῆς
832 1276 1040 1338 Ἀττικῆς
1063 1277 1179 1324 ὥστε
1200 1275 1450 1337 τριώβολον
1471 1276 1550 1321 καὶ

97 1348 230 1392 τοῦτο
261 1346 322 1407 μὴ
355 1346 560 1402 ξυνεχῶς,
594 1344 815 1391 δίδοσθαι
836 1346 954 1403 ³²³).

144 1476 237 1518 316)
263 1477 405 1526 Lydiae
429 1484 465 1514 et
483 1478 621 1515 Cariae
640 1479 850 1527 praefectus
863 1503 873 1523 ‚
900 1476 1060 1525 ideoque
1089 1476 1200 1512 etiam
1218 1475 1350 1512 Joniae
1365 1503 1374 1521 ‚
1403 1477 1465 1513 cui
1483 1477 1550 1514 sub

97 1525 173 1569 ejus
204 1523 363 1572 imperio
389 1526 526 1562 Tamus
556 1533 728 1574 praeerat
757 1523 985 1572 (ὑπάρχος),
1021 1524 1189 1571 Thucyd.
1219 1523 1306 1558 vm.
1336 1527 1393 1558 31.
1419 1525 1477 1559 87.
1507 1532 1550 1560 ut

94 1571 285 1605 Antandro
303 1572 476 1616 Astacus,
501 1572 551 1607 ib.
572 1575 650 1606 108.
677 1574 867 1619 Rrueger,
894 1585 931 1619 p.
954 1571 1031 1605 359.
1058 1577 1136 1606 not.
1155 1570 1212 1603 53.
1244 1591 1281 1595 -ι
1312 1570 1473 1619 Egregie
1502 1571 1549 1606 de

94 1629 139 1652 eo
172 1616 373 1664 disputavit
396 1614 554 1663 Mauso,
587 1618 654 1654 ΙΙΙ.
681 1620 715 1654 2.
776 1645 785 1654 .
804 1617 977 1653 28-43.
1006 1617 1076 1653 fuit
1110 1615 1316 1666 στρατηγὸς
1336 1621 1412 1655 τῶν
1435 1616 1547 1655 κάτω.

91 1664 263 1746 ἷὴυὲγιιί.
288 1663 384 1744 1Vlll.
423 1666 456 1700 5.
494 1666 538 1702 de
574 1678 648 1714 quo
684 1632 914 1707 sufficienter
943 1665 1119 1703 disseruit
1148 1664 1324 1701 schneid.
1362 1667 1411 1702 ad
1449 1667 1547 1703 Xen.

125 1723 148 1745 n
202 1737 210 1745 .
249 1736 257 1745 .
311 1736 320 1746 .
346 1715 380 1746 2.

140 1723 173 1792 ἔ
173 1762 181 1789 ¹
190 1760 233 1799 7)
260 1757 463 1793 Obtinebat
483 1758 549 1805 τὴν
567 1763 795 1798 Δασκυλῖτιν
815 1765 1068 1810 σατραπείαν,
1095 1761 1201 1804 cujus
1221 1772 1265 1796 ca
1294 1766 1337 1795 ut
1355 1766 1434 1796 erat
1455 1760 1549 1796 Das-

95 1804 262 1853 cyllium.
298 1806 396 1840 Xen.
416 1806 555 1842 Hellen.
579 1808 635 1843 lv.
664 1813 691 1844 1.
717 1809 771 1844 15.
820 1807 1106 1843 Provinciarum
1130 1807 1176 1842 ad
1203 1807 1268 1841 Hel
1285 1814 1483 1853 espontum
1506 1828 1551 1833 —-

97 1850 304 1898 Phrygiae,
330 1851 528 1899 Bithyniae
543 1879 551 1895 ‚
577 1855 718 1901 Mysiae
742 1861 779 1889 et
800 1854 960 1894 Aeolidis
982 1874 1028 1879 ——
1050 1851 1273 1901 praefectus.
1300 1854 1448 1899 Manso,
1477 1855 1500 1889 1.
1524 1855 1548 1889 l.

97 1911 134 1945 p.
151 1898 208 1932 30.
234 1909 249 1932 s
277 1910 311 1945 q.
337 1898 531 1945 Hrueger,
558 1900 581 1935 1.
605 1902 627 1935 l.
649 1914 685 1949 p.
707 1902 788 1936 353.
816 1900 967 1936 Goeller
985 1900 1033 1936 ad
1052 1899 1218 1946 Thucyd.
1244 1899 1336 1935 vill.
1358 1901 1393 1937 6.

143 1948 232 1990 318)
287 1947 581 1999 eppo-prolege.
604 1947 642 1982 in
672 1948 837 1995 Thucyd.
864 1948 891 1983 I.
915 1953 948 1983 2.
971 1962 1007 1996 p.
1028 1949 1085 1982 92.
1114 1947 1392 1995 Thucyd.VIII.
1408 1950 1441 1984 5.
1457 1950 1491 1985 6.
1506 1973 1546 1979 -

96 1994 273 2040 Amorges
295 1999 367 2027 1u1t
387 1994 536 2040 spurius
548 1975 650 2029 hlius
671 1994 890 2041 Pissuthnis‚
916 1995 1091 2031 Sardium
1111 1994 1309 2043 praefecti,
1337 1997 1402 2044 qui
1420 2008 1441 2033 a
1461 2009 1548 2032 reve

97 2039 216 2075 Dario
238 2039 360 2074 Notho
387 2040 576 2076 defecerat
601 2042 788 2089 (Thucyd.
814 2040 842 2076 Ι.
872 2043 973 2083 115.)
1003 2045 1144 2088 etqui,
1172 2054 1257 2077 cum
1283 2051 1393 2089 pater
1418 2026 1547 2097 prodi-

97 2088 199 2123 tione
226 2093 368 2133 ‚captus
407 2095 520 2132 esset,
563 2089 702 2124 bellum
730 2095 859 2124 contra
893 2088 1182 2136 Tissaphernem
1212 2091 1456 2127 continuavit.
1496 2092 1543 2128 cf.

96 2134 342 2181 Hruegersl.
362 2135 405 2168 l..
441 2161 449 2169 .
471 2138 553 2170 352.
581 2148 623 2189 sq
651 2162 659 2170 .

143 2183 231 2223 319)
257 2148 457 2216 Alcibiadis
483 2183 713 2230 potissimum
738 2193 872 2230 opera,
898 2180 1065 2229 Thucyd.
1093 2178 1185 2215 vm.
1214 2181 1236 2215 6
1261 2187 1298 2216 et
1322 2182 1356 2217 8.

143 2229 231 2273 320)
258 2228 414 2276 Thucyd
451 2230 540 2265 vm.
563 2231 624 2265 29.
652 2231 698 2266 cf.
722 2232 756 2266 5.
1548 2266 1553 2273 ,

143 2277 230 2316 321)
255 2274 293 2309 Si
312 2276 484 2311 statueris
506 2277 668 2325 singulas
689 2277 862 2313 triremes·
878 2275 1033 2312 ducenis
1047 2274 1135 2310 viris
1156 2274 1265 2310 fuisse
1285 2274 1467 2321 impletas.
1493 2277 1542 2313 cf.

96 2323 251 2368 Manso,
279 2321 429 2369 Sparta,
455 2323 501 2359 ΙΙ.
555 2350 563 2359 .
586 2325 673 2361 455.
697 2335 778 2375 sqq.

143 2372 235 2412 322)
259 2369 429 2418 Thucyd.
456 2338 551 2407 vuli
578 2373 635 2408 29.
662 2371 715 2413 ihi
762 2384 790 2420 ve
814 2371 977 2409 Goeller.

143 2420 235 2459 323)
260 2417 430 2464 Thucyd.
450 2418 546 2454 VIII.
568 2420 629 2455 45.
675 2445 705 2465 ,,
840 2419 1037 2464 conjeceris
1071 2417 1179 2453 etiam
1208 2418 1362 2472 posthac
1394 2431 1544 2468 quoque

96 2463 311 2509 drachnum
325 2464 481 2500 Atticam
500 2465 545 2501 iis
566 2466 689 2502 datam
712 2468 805 2502 esse.
853 2466 952 2503 Haec
980 2464 1176 2501 difficultas
1205 2471 1257 2500 ita
1285 2465 1458 2502 videatur
1475 2480 1543 2503 ex.

96 2506 279 2559 pedien‘da
309 2523 415 2557 esse‚.
432 2519 474 2547 ut
495 2520 701 2558 statuatur,
726 2520 838 2562 pacta
857 2514 1001 2561 quidem
1030 2513 1068 2547 in
1094 2513 1226 2560 quinas
1254 2524 1363 2548 naves
1394 2515 1546 2551 nonnisi

96 2560 167 2595 tria
196 2560 355 2602 talenta,
383 2571 478 2606 quae
500 2573 565 2595 rex
588 2562 766 2605 solveret,
793 2561 831 2595 in
859 2560 1020 2606 singulos
1049 2571 1192 2594 menses
1211 2559 1344 2603 fuisse,
1370 2561 1436 2595 sed
1458 2562 1546 2597 Tis-

96 2607 315 2654 saphernem
337 2617 380 2640 ex
402 2605 474 2641 suis
493 2607 568 2643 duo
588 2608 725 2644 talenta
737 2606 932 2650 addidisse,
959 2612 1000 2640 ut
1016 2605 1237 2655 quotidiana
1259 2606 1420 2643 hominis
1441 2622 1547 2645 mer-

96 2665 157 2688 ces
186 2653 384 2691 drachmae
410 2655 548 2691 Atticae
579 2661 683 2690 esset.
735 2654 806 2691 Sed
836 2665 907 2689 nec
939 2654 1130 2700 probabile
1155 2660 1227 2699 est,
1255 2653 1546 2702 Tissaphernem

96 2706 215 2735 tantos
240 2706 379 2734 sumtus
401 2700 544 2745 fecisse,
568 2695 690 2750 neque
711 2702 802 2736 haec
822 2700 1018 2746 explicatio
1042 2713 1126 2735 cum
1151 2701 1326 2748 Xenoph.
1349 2703 1434 2738 loco
1458 2704 1545 2738 satis

96 2746 309 2791 concinnit,
334 2747 397 2781 ubi
414 2748 535 2795 Cyrus
551 2748 661 2784 dicit:
689 2748 781 2791 εἶναι
813 2747 875 2787 τὰς
894 2745 1087 2794 συνθήκας
1105 2746 1223 2788 οὕτως
1238 2747 1412 2796 ἐχούσας,
1438 2747 1543 2798 τριά-

1240 2812 1274 2856 7
