1848 2919
637 155 972 196 -.17.-

141 260 256 301 Hanc
275 257 543 301 narrationem
564 259 742 316 praefert
763 260 909 300 Manso
922 259 940 284 ὓ
952 257 1013 313 ³),
1049 266 1171 313 atque
1189 255 1429 312 suspicatur,
1454 253 1532 296 bos

86 322 323 368 Parthenias
348 318 481 389 ,ᾖε
513 335 695 383 posteros
725 334 908 368 veterum
936 322 1216 377 Achaeorum,
1249 319 1319 377 qui
1345 319 1532 362 militiam

86 390 395 446 detrectassent,
414 385 547 448 'quum
572 405 733 446 semper
757 391 1048 447 periculorum,
1078 403 1282 444 nunquam
1309 402 1409 431 vero
1436 386 1530 442 glo-

85 456 168 498 riae
224 454 394 514 >rticip'es
408 458 568 500 fierent.
599 453 743 499 Altera
756 455 930 499 narratio
940 456 1148 514 Ephorum
1162 455 1287 497 habet
1300 461 1506 496 auctorem
1515 466 1530 494 z

84 470 448 576 Lacelffiemonios,
478 537 569 564 cum
593 522 810 565 Messeniis
840 521 991 565 bellum
1016 521 1188 564 fuissent
1211 518 1385 573 illaturi,
1409 518 1530 573 jie-

77 586 252 642 jurando
295 603 341 630 se
383 585 610 642 obligasse,
649 596 694 629 ut
723 596 794 630 aut
818 587 1026 632 Messenia
1058 595 1309 644 expugnata,
1349 561 1530 636 victa

80 663 379 697 reverterentur
398 662 467 695 aut
487 651 667 694 universi
686 651 729 695 in
750 653 1050 711 oppugnatione
1069 653 1375 706 occumberent,
1404 650 1529 694 relic-

81 720 134 762 tis
155 720 208 762 ad
228 720 371 761 urbem
392 718 696 760 custodiendam
716 719 944 762 senioribus
963 729 1003 761 et
1018 713 1266 774 junioribus.
1282 743 1338 749 —
1357 717 1526 759 Decimo

82 797 216 829 autem
243 785 347 829 belli
370 800 476 829 anno
497 800 645 828 uxores
662 785 1098 842 Lacedaemoniorum,
1128 784 1307 843 graviter
1325 784 1526 837 serenam,

83 854 191 909 quod
224 845 377 895 tamdiu
410 868 435 895 a
463 851 617 895 maritis
651 862 861 909 separatae
890 863 1044 907 essent,
1089 852 1283 908 quasdam
1305 866 1358 893 ex
1381 848 1465 892 suis
1485 848 1529 892 in

82 928 212 962 castra
227 918 405 974 misisse,
436 933 539 975 quae
559 916 656 960 illos
677 917 1021 976 reprehenderent
1045 918 1153 975 quod
1176 916 1311 961 viduis
1333 915 1528 959 uxoribus

82 985 191 1028 domi
214 985 365 1028 relictis
384 985 554 1042 patriam
572 983 670 1026 viris
687 1000 855 1028 vacuam
872 986 962 1028 fieri
981 994 1229 1042 paterentur.
1258 977 1357 1037 ¹'mos
1378 982 1528 1025 deinde

81 1050 376 1095 robustissimos
395 1052 501 1095 inter
519 1050 669 1094 milites
688 1060 809 1107 atque
828 1061 961 1094 aetate
983 1050 1191 1104 minimos,
1223 1049 1397 1105 ideoque
1417 1047 1528 1104 juri-

75 1119 250 1174 jurando
276 1119 455 1161 nondum
482 1118 693 1161 adstrictos
724 1119 911 1174 Spartam
939 1116 1118 1170 misisse,
1148 1116 1279 1171 iisque
1296 1114 1525 1168 mandasse,

80 1194 125 1227 ut
148 1198 239 1234 cum
254 1185 438 1227 omnibus
455 1199 593 1227 omnes
610 1183 835 1240 virginibus
849 1200 941 1227 rem
955 1183 1166 1237 haberent,
1191 1198 1240 1225 eo
1260 1180 1526 1239 copiosiorem

79 1260 187 1294 ratos
207 1250 303 1293 inde
326 1250 782 1295 subolemexstitmam.
821 1253 911 1292 Hos
931 1249 1081 1292 deinde
1098 1249 1274 1301 liberos,
1302 1247 1380 1289 hoc
1405 1246 1526 1289 modo

79 1326 215 1371 natos,
244 1316 479 1360 Parthenias
494 1316 525 1359 ι’.
549 1331 593 1363 e.,
600 1314 811 1371 ,virginum
836 1313 944 1357 filios
970 1329 1023 1358 ex
1042 1314 1226 1372 patribus
1248 1312 1412 1357 incertis
1437 1328 1528 1367 esse

79 1382 322 1440 appellatos.
351 1408 408 1414 —
437 1385 658 1439 Spartanos
674 1396 772 1423 vero
795 1396 903 1423 nono
921 1380 1097 1437 denique
1120 1396 1226 1425 anno
1252 1389 1345 1438 post
1364 1383 1526 1423 Messe-

79 1448 236 1492 niorum
253 1448 401 1492 finibus
419 1447 621 1505 occupatis
643 1456 683 1489 et
701 1446 856 1502 divisis,
880 1447 1044 1491 domum
1063 1463 1265 1501 reversos,
1290 1445 1527 1506 Parthenias

78 1532 158 1558 non
185 1530 256 1570 eo,
288 1530 367 1571 quo
388 1515 512 1568 alios,
544 1514 695 1557 honore
726 1514 912 1571 dignatos
941 1529 1032 1556 esse
1062 1523 1202 1570 utpote
1233 1528 1320 1558 non
1342 1527 1395 1555 ex
1426 1528 1525 1571 conq-

71 1582 190 1639 J'ugio
205 1589 343 1624 natos:
373 1580 509 1635 itaque
527 1578 787 1635 Parthenias,
819 1595 865 1622 re
885 1594 975 1621 cum
996 1578 1218 1622 Helotibus
1311 1624 1315 1627 .
1499 1592 1526 1621 a

76 1639 242 1690 insidias
258 1644 465 1703 Spartanis
478 1660 672 1703 parasse,
703 1645 777 1687 sed
796 1644 857 1687 rei
875 1644 1024 1690 indicio
1048 1645 1100 1687 ab
1111 1644 1345 1689 Helon'buss
1435 1694 1437 1696 ,

77 1714 170 1755 dam
201 1713 357 1767 delato,
387 1714 607 1770 Spartanos
614 1741 627 1764 ,
659 1712 956 1766 conjuratorum
981 1726 1169 1769 magnam
1197 1710 1282 1754 vim
1311 1711 1522 1767 timentes,

75 1780 125 1822 iis
264 1778 400 1833 isisse,
432 1786 477 1820 ut
496 1777 631 1833 aliquo
650 1771 694 1819 in
706 1777 918 1822 'coloniam
939 1778 1111 1833 abirent,
1139 1793 1187 1821 ea
1205 1778 1449 1834 conditione,
1478 1788 1524 1822 ut

4 1889 7 1890 γ
74 1861 128 1888 ne
251 1855 451 1889 rterentur
476 1844 512 1887 si
532 1843 739 1901 regionem
760 1843 840 1887 sibi
863 1846 1128 1889 sufficientem
1145 1855 1280 1889 essent
1300 1845 1430 1899 nacti,
1452 1845 1525 1889 -sin

75 1928 174 1955 vero
186 1944 199 1965 ,
235 1922 279 1955 ut
298 1911 452 1955 reversi
474 1911 654 1967 quintam
672 1911 760 1967 agri
780 1912 979 1955 Messenii
998 1922 1155 1970 partem
1176 1913 1422 1955 obtinerent.
1453 1910 1526 1967 Siq

75 1978 312 2021 Parthenias
334 1979 539 2039 profectos
562 1981 783 2021 Tarentum
803 1978 967 2029 tandem
993 1979 1224 2022 condidisse
1243 1981 1260 2005 ὃ
1273 1979 1335 2034 ⁴).

132 2047 330 2100 Tempus,
369 2060 448 2100 quo
481 2043 646 2086 Tarenti
681 2043 794 2099 origo
823 2044 1012 2100 ponenda
1042 2045 1095 2086 sit
1128 2044 1192 2087 his
1226 2043 1523 2087 narrationibus

69 2118 185 2151 -certe
207 2109 402 2152 firmant.
446 2111 550 2151 Nam
564 2108 658 2151 finis
672 2108 772 2151 belli
784 2108 904 2166 primi
918 2108 1163 2151 Messeniaci
1184 2110 1291 2152 cadit
1310 2110 1354 2152 in
1374 2125 1522 2152 annum

68 2175 249 2235 'primum
276 2175 350 2219 Ol.
367 2176 489 2218 XIV.
526 2173 589 2231 (a.
616 2174 715 2219 Chr.
743 2175 829 2220 724
853 2184 893 2219 et
917 2175 1017 2233 23)
1025 2163 1206 2232 ‚xquare‘
1221 2175 1421 2231 Eusebio,
1452 2176 1522 2233 qui

121 2364 189 2405 63)
217 2364 351 2412 Sparta
375 2364 403 2399 Ι.
432 2366 465 2400 1.
491 2376 528 2411 p.
555 2365 639 2400 229.
659 2337 745 2412 sqq}
773 2371 810 2399 et
834 2365 869 2399 2.
894 2377 932 2412 p.
960 2365 1180 2400 275ι-281,

121 2420 188 2461 64)
213 2422 378 2458 Eandem
402 2422 657 2463 narrationem
682 2420 903 2457 confirmant
927 2421 1064 2457 Justin.
1092 2420 1154 2455 ΙΙΙ.
1180 2421 1215 2455 4.
1240 2440 1286 2446 —--
1311 2420 1424 2459 Diod.
1445 2422 1521 2460 Sic.

61 2465 157 2506 -⁵XV.
185 2467 243 2503 66.
270 2470 335 2505 ubi
361 2468 566 2516 Wesseling
591 2475 635 2512 (t.
657 2468 715 2505 VI.
742 2482 778 2516 p.
794 2470 911 2510 6550.
950 2488 998 2493 —
1033 2469 1160 2503 Plures
1195 2467 1318 2502 laudat
1341 2467 1452 2505 Marx
1476 2470 1525 2506 ad

74 2510 215 2557 Ephor.
250 2514 456 2562 fragmenta
491 2514 550 2549 lv.
578 2517 635 2551 53.
662 2527 699 2562 p.
728 2515 809 2549 156.
860 2515 1034 2550 Ceterum
1060 2513 1295 2548 memorabile
1323 2522 1396 2559 est,
1424 2518 1525 2564 quod

74 2556 215 2616 Ephon
241 2573 270 2596 s.
302 2564 363 2598 tin.
391 2561 499 2607 hujus
524 2561 753 2598 narrationis
772 2561 884 2602 dicit:
927 2564 971 2598 Οἱ
994 2562 1037 2597 δὲ
1060 2562 1252 2600 σταλέντες
1274 2561 1525 2611 κατελάβοντο

74 2617 165 2652 τους
188 2606 313 2652 ’Λχαιο
363 2612 652 2655 [πολεμοῦντας
674 2615 751 2649 τοῖς
771 2608 986 2656 βαρβάροις·
1008 2605 1258 2659 μεγασχόντες
1280 2611 1325 2646 δὲ
1346 2615 1421 2647 τῶν
1442 2626 1526 2650 κιν-

73 2649 211 2735 ὃύνωνῐ
230 2622 390 2695 meroz&
424 2654 490 2701 τὴν
528 2655 717 2704 Τάραντα.
767 2657 871 2704 Ergo
894 2654 1113 2690 Parthemae
1147 2654 1194 2690 ad
1241 2664 1420 2704 cognatos
1460 2659 1521 2694 fu-

74 2711 193 2748 gerun
213 2726 221 2735 .

1202 2762 1234 2810 2

323 2609 331 2621 1
362 2616 378 2621 i..
