1848 2919
846 112 1185 156 ...43-

285 211 430 270 viginti
462 211 579 256 daret
598 215 615 240 ⁸
630 212 697 271 ¹),
753 223 794 257 et
825 213 934 272 apud
967 211 1176 256 Salamina
1203 227 1285 256 non
1318 214 1411 272 plus
1445 210 1625 256 sedecim
1644 213 1740 270 62);

281 279 357 322 sed
395 294 486 322 cum
521 279 770 338 reipublicae
801 289 1018 340 paupertas
1046 278 1123 322 illa
1155 286 1316 334 aetate,
1348 294 1453 337 quae
1484 279 1641 339 copiam
1664 293 1740 323 na-

280 345 393 390 vium
432 346 768 391 exstruendamm
811 347 1008 407 abstulit,
1055 356 1140 389 tum
1178 339 1469 404 Spartanorum
1505 346 1737 406 ingenium,

279 430 421 457 omnes
441 429 581 456 eornm
602 429 718 457 curas
738 413 782 457 in
803 415 959 457 bellum
980 424 1089 457 terra
1107 411 1334 469 gerendum
1357 414 1571 465 convertit.
1600 413 1739 471 Magis

280 480 507 533 mirandum
529 491 614 536 est,
646 480 755 537 quod
772 480 1088 525 Lacedaemonii
1111 471 1234 523 totius
1252 482 1434 523 Graecae
1448 471 1738 554 Qutene-

279 557 371 591 rent
393 546 629 606 imperium,
661 562 751 590 cum
771 546 1049 591 Athenienses
1072 545 1279 589 dimidiam
1303 551 1435 605 prope
1447 542 1622 591 navium
1640 564 1737 607 par-

278 625 361 659 tem
375 614 622 673 praeberent
641 616 658 642 ⁶
670 614 732 672 ³),
763 615 879 672 cujus
893 614 955 658 rei
967 614 1201 659 Herodotus
1211 613 1311 671 (111.
1325 614 1396 671 3.)
1417 612 1538 657 affert
1557 624 1735 661 causam.

277 680 468 741 Spartani
498 682 607 725 enim
630 682 808 727 maxima
831 683 1071 727 fruebantur
1090 681 1347 736 auctoritate,
1378 696 1511 737 neque
1529 669 1736 744 πωπ-

276 759 339 794 tas
359 764 451 791 cum
475 748 525 791 iis
551 749 604 792 de
625 748 796 807 imperio
818 749 1063 793 contendere
1091 764 1190 792 ausa
1212 759 1297 804 est,
1329 749 1425 792 dum
1441 744 1732 805 Athenienses,

275 832 406 874 nuper
431 816 595 858 demum
612 815 898 859 Themistoclis
923 831 1046 873 opera
1070 816 1201 859 classe
1223 815 1431 872 instructi,
1462 815 1607 860 ceteris
1629 813 1732 861 ciri-

274 884 425 929 tatibus
460 898 580 942 pares
615 881 880 937 videbantur,
893 890 905 898 ”
930 897 1099 940 quarum
1135 881 1262 939 igitur
1293 882 1448 927 invidia
1477 883 1583 938 hanc
1610 899 1731 942 prae-

273 951 462 996 stantiam
487 950 539 994 iis
570 950 793 993 concedere
824 949 970 1000 noluit.
1001 952 1106 993 Nam
1129 951 1350 1008 Spartanos
1367 948 1479 1007 ipsos
1500 946 1730 995 valde'stu-

273 1018 412 1062 (luisse
440 1027 486 1060 ut
509 1016 753 1060 maritimum
779 1032 940 1073 quoque
962 1016 1175 1074 imperium
1200 1016 1280 1060 sibi
1301 1016 1600 1075 imponeretur,
1630 1034 1730 1062 nus·-

272 1078 395 1143 quam
417 1082 573 1142 reperi;
603 1083 678 1126 sed
703 1082 838 1141 potius
871 1099 924 1126 ex
953 1082 1201 1128 orationibus
1223 1082 1339 1143 'aliud
1371 1085 1572 1130 Gelonem
1601 1081 1729 1145 Syra-

271 1147 463 1194 cusanu‘m
478 1154 494 1177 θ
507 1151 552 1207 ⁴)
571 1149 737 1205 habitis,
756 1160 797 1192 et
808 1165 860 1193 ex
877 1149 1122 1204 rumoribus,
1140 1167 1241 1207 quos
1255 1151 1488 1194 Herodotus
1502 1151 1622 1195 affert
1637 1155 1654 1179 ⁸
1666 1152 1728 1210 ⁵),

269 1233 467 1277 apparere
485 1217 669 1272 videtur,
702 1215 1050 1260 Lacedaemonios
1067 1233 1149 1261 non
1162 1227 1245 1261 tam
1260 1233 1385 1275 aegre
1406 1218 1561 1262 laturos
1582 1218 1726 1275 fuisse,

269 1286 306 1329 si
335 1284 612 1329 Athenienses
654 1284 773 1327 classi
811 1284 1095 1343 imperassent.
1152 1284 1262 1338 Quin
1305 1299 1396 1327 cum
1431 1284 1727 1330 Themistocles

268 1355 458 1412 Spartam
489 1351 691 1406 venisset,
732 1360 888 1394 tantum
919 1351 1057 1406 abest,
1088 1361 1133 1395 ut
1156 1351 1196 1395 ei
1222 1350 1408 1396 invidere
1482 1372 1485 1374 ·
1516 1362 1561 1396 ut
1595 1353 1727 1397 maxi-

268 1419 346 1463 mis
387 1434 480 1461 eum
521 1417 743 1462 honoribus
779 1417 985 1461 afficerent
1007 1417 1098 1475 ⁸⁶).
1172 1418 1402 1462 Atheniens
1452 1428 1485 1473 >.,¹
1525 1418 1726 1463 libertatis

265 1480 554 1540 amantissimi,
597 1500 650 1526 ne
686 1484 877 1527 certando
909 1484 1121 1528 Graeciam
1146 1485 1387 1543 perderent,
1430 1494 1574 1543 sponte
1603 1486 1726 1529 cede-

266 1555 378 1597 bant.
437 1556 542 1598 Nam
575 1551 759 1610 profecto
797 1566 931 1607 neque
964 1549 1188 1607 Corinthii,
1234 1567 1405 1609 quorum
1443 1552 1529 1595 dux
1565 1568 1727 1612 semper

268 1619 539 1665 Themistocli
571 1617 862 1662 adversabatur
889 1620 963 1676 ⁶⁷)
978 1649 992 1674 ,
1036 1634 1169 1676 neque
1198 1618 1270 1662 alii
1306 1618 1423 1663 multi
1438 1651 1452 1675 ,
1493 1619 1724 1664 Athenien·-

265 1687 379 1731 sibus
419 1685 538 1730 classi
579 1683 822 1744 praepositis
837 1715 851 1739 ,
912 1684 1109 1730 Graeciae
1144 1685 1375 1730 libertatem
1415 1686 1723 1741 defendissent3

264 1755 374 1814 quod
406 1752 755 1798 Lacedaemonios
788 1751 951 1796 videtur
989 1753 1279 1809 commovisse,
1323 1763 1368 1797 ut
1392 1768 1542 1812 paucas
1570 1768 1723 1808 naves,

263 1822 500 1883 Eurybiade
531 1822 658 1877 duce,
699 1820 953 1874 emitterent,
988 1820 1098 1876 quod
1129 1820 1303 1863 fortasse
1335 1836 1417 1863 non
1435 1819 1638 1870 *fecissent
1666 1847 1724 1854 —

262 1890 367 1932 sicut
390 1889 668 1933 Athenienses
688 1887 812 1930 etiam
830 1885 1012 1928 terrestri
1035 1886 1231 1929 exercitui
1238 1886 1390 1933 §nullas
1414 1886 1723 1945 suppeditarunt

262 1955 434 2011 milites,
482 1970 616 2012 neque
653 1953 741 1996 ulla
782 1952 924 1999 civitas
968 1962 1129 2012 praeter
1169 1952 1401 1997 Corinthios
1439 1962 1481 1997 et
1517 1968 1644 1998 naves
1682 1964 1723 1997 et

310 2076 374 2122 61)
401 2075 579 2112 Herodot.
607 2073 702 2110 vm.
730 2076 764 2109 1.

310 2123 378 2169 62)
401 2123 582 2160 Herodot.
607 2121 703 2158 vul.
728 2120 788 2156 43.

309 2171 375 2212 63)
400 2170 510 2218 Apud
531 2168 770 2207 Artemisium
791 2170 942 2204 eentum'
961 2175 998 2204 et
1022 2166 1156 2251 vigi-nti
1184 2174 1323 2222 septem
1357 2180 1402 2204 ex
1431 2168 1600 2204 ducentis
1630 2180 1719 2216 sep-

262 2217 432 2264 tuaginta
453 2228 529 2251 una
550 2215 729 2252 Herodot.
748 2214 838 2249 vlu.
862 2218 915 2259 1.,
941 2227 1032 2263 quas
1098 2215 1184 2250 inde
1203 2215 1473 2266 quinquaginta
1491 2222 1567 2251 tres
1587 2215 1720 2249 subse-

262 2269 372 2302 cutae
396 2269 482 2298 sunt
495 2289 506 2307 ‚
532 2261 584 2297 ib.
608 2262 664 2296 14.
689 2260 798 2308 Apud
816 2260 1001 2297 Salamina
1020 2268 1168 2298 centum
1186 2268 1223 2297 et
1242 2268 1329 2298 octo
1357 2261 1440 2303 inta,
1453 2261 1552 2298 ‘nter
1569 2267 1719 2298 trecen-

263 2322 318 2350 tas
341 2309 578 2358 septuaginta
600 2315 708 2352 octo,
786 2319 829 2343 ae
856 2308 1073 2344 adfuerunt.r
1095 2309 1276 2345 Herodot.
1295 2310 1325 2346 V
1346 2309 1392 2345 ΙΙ.
1413 2310 1437 2344 4
1464 2336 1472 2345 .
1494 2309 1554 2346 44.

308 2359 377 2400 64)
404 2356 583 2393 Herodot.
608 2353 683 2391 vll.
711 2357 728 2388 1
761 2357 793 2391 7.
821 2366 900 2402 sqq.

283 2405 286 2408 ’
309 2406 379 2446 65)
404 2403 501 2439 vul.
526 2405 562 2439 3.
585 2400 848 2450 ’IZye‘retonae'zQ
868 2401 944 2437 κατ’
970 2401 1088 2449 ἀρχὰς
1106 2400 1231 2451 λόγος,
1250 2406 1344 2451 πρὶν
1362 2402 1384 2450 ἢ
1405 2406 1470 2440 καὶ
1490 2405 1527 2443 ἐς
1542 2404 1718 2450 Σικελίην

262 2456 431 2503 πέμπειν
456 2455 521 2490 ἐπὶ
544 2455 767 2500 συμμαχίην
794 2448 845 2490 ὠς
871 2448 911 2486 τὸ
937 2449 1114 2488 ναυτικὸν
1138 2455 1370 2497 Λθηναίοισι
1389 2450 1520 2500 χρεών
1546 2453 1602 2496 εἴη
1632 2452 1717 2488 ἐπι-

263 2515 283 2537 ε
312 2505 427 2537 sustu.
1671 2535 1674 2539 ,

287 2516 377 2587 ρ66)
400 2544 682 2583 Herodot.Vss[.
698 2544 779 2580 124.
806 2544 974 2592 Thucyd.
993 2544 1020 2579 Ι.
1042 2544 1101 2579 74.
1127 2547 1191 2579 καὶ
1213 2544 1320 2581 αὐτοὶ
1339 2544 1404 2582 διὰ
1425 2547 1531 2581 τοῦτο
1550 2542 1716 2593 μάλιστα

263 2590 308 2630 δὲ
327 2592 523 2640 ἐτιμήσατε
542 2591 665 2640 ἄνδρα
682 2595 791 2634 ξένον
810 2594 885 2629 τῶν
913 2591 963 2633 ὠς
990 2591 1088 2639 ὑμᾶς
1107 2589 1311 2630 ἐλθόντων.
1334 2591 1449 2628 Diod.
1474 2591 1540 2628 XI.
1567 2595 1625 2629 27.
1650 2593 1715 2628 in-

264 2646 389 2689 eptum
409 2640 513 2675 affert
534 2645 805 2687 argumentum.

310 2687 376 2733 67)
403 2686 580 2723 Herodot.
607 2686 698 2722 vlu.
725 2686 759 2722 5.
