1848 2919
282 1999 333 2252 Tabula
282 1464 334 1957 Navarchorum
284 999 349 1418 aliorumque
281 695 330 954 dueum.

470 729 512 813 Res
476 544 525 700 gestae.

620 1903 680 2155 Eurybiades
646 1262 651 1313 —
618 961 674 1100 Pugna
614 830 673 938 apud
614 547 659 809 Artemisium
625 478 659 518 et
615 241 659 460 Salamina.

677 1886 736 2154 Leotychides
701 1258 709 1313 —
671 898 716 1101 Proelium
669 835 714 878 in
671 546 731 818 promontorio
673 346 732 527 Mycale.

734 1939 778 2155 Pausanias
732 1308 776 1451 Dorcis
728 859 790 1101 Byzantium
738 565 788 848 occupatur.—
728 367 787 554 Spartani
728 239 773 356 amit-

802 1470 804 1472 *
785 740 843 1047 tuntimperium
784 469 828 724 maritimum.
786 368 828 422 cf.
784 239 829 355 Clin-

853 962 898 1047 ton‚
843 850 886 946 fast.
842 724 886 838 Hell.
843 603 900 714 App.
844 512 885 589 Vl.
857 451 900 495 p.
886 409 889 415 ,
872 340 885 352 .
842 238 899 327 sq.)

905 1979 947 2153 Gnemus
925 1818 929 1821 ·
900 1261 945 1451 Brasidas
902 955 957 1096 Pugna
898 789 942 942 navalis
899 727 942 770 in
897 622 941 713 sinu
897 424 942 609 Orissaeo
907 364 944 405 et
898 236 955 344 apud

984 1893 987 1896 ’
954 1187 1014 1450 Ξύμβουλος
955 882 1002 1047 Rhium.
953 648 1014 865 Expeditio
954 240 999 637 adversusPiraeum.

1050 1986 1095 2154 Aloidas
1100 1844 1102 1847 ἢ
1076 1257 1083 1315 -
1046 792 1092 1100 Lacedaemonii
1046 619 1098 783 Lesbiis
1062 580 1090 604 ο
1062 487 1090 550 em
1046 356 1090 466 ferre
1062 237 1090 334 con-

1103 863 1148 1045 stituunt.
1103 624 1164 831 (Thucyd.
1134 526 1146 538 .
1103 403 1161 499 16.)

1162 1260 1206 1451 Brasidas
1160 902 1221 1099 Mitylene
1170 663 1219 892 oecupatur.
1158 464 1203 633 Aloidas
1158 400 1202 446 in
1157 236 1203 380 itinere

1215 1189 1275 1451 Ξύμβουλος
1218 1121 1276 1180 (2)
1217 852 1261 1045 adversus
1214 464 1271 824 Lesbumdiutius
1225 238 1260 430 moi-auu.

1272 890 1339 1043 (Blaesis
1273 742 1317 871 redux
1273 679 1317 723 in
1274 452 1333 669 Corcyram
1287 418 1316 442 a
1272 233 1332 407 Cyllene-

1387 1828 1449 2153 Thrasymelidas
1388 1260 1433 1452 Brasidas
1340 866 1431 1099 maggzt.
1387 652 1445 849 Corcyra,
1401 533 1443 612 quo
1400 469 1428 494 o
1383 239 1428 440 timatibus

1444 1158 1504 1446 Τριηραρχῶν
1442 894 1486 1047 auxilio
1442 690 1501 874 profecta
1452 562 1497 668 erat,
1444 471 1501 532 Py
1457 386 1485 452 um
1440 242 1485 357 navi-

1508 1282 1510 1284 '
1508 963 1554 1018 at,
1498 881 1542 952 uhi
1497 682 1556 871 Spartani
1497 366 1543 674 Atheniensium
1498 241 1542 354 frau-

1571 993 1598 1016 e
1557 887 1599 969 LX
1570 737 1599 863 naves
1553 518 1599 715 amitt-snt.
