1848 2919
813 128 1149 170 -20-

242 226 364 267 ‘bium
394 227 558 270 nomina
592 229 637 271 in
668 229 854 273 omiibus
893 228 1099 272 codicibus
1135 238 1214 271 aut·
1239 231 1497 275 'exciderunt
1514 240 1583 274 aut
1616 240 1698 273 tam

251 293 392 343 musila
420 303 535 349 sunt,
566 303 613 337 ut
645 298 788 352 Marx,
818 296 898 340 nisi
927 295 1116 339 meliores
1141 294 1236 338 libri
1266 298 1542 353 reperiantur,
1572 298 1625 341 de
1648 313 1698 340 eo

251 359 341 403 loco
371 360 669 418 desperandum
701 378 815 419 esse,
854 373 1031 407 censeat.
1088 362 1409 419 Muellenm·⁷⁸)
1439 375 1575 410 tamen
1595 381 1698 413 ,eum

250 426 463 469 restituere
501 436 666 471 conatus
707 439 769 472 est
776 460 804 485 γ
834 445 1005 487 magna,
1050 429 1216 488 opinor,
1259 427 1470 474 felicitate.
1541 430 1697 491 Ephori

251 493 377 536 verba
405 503 527 537 sunt:
596 534 598 536 ,
1217 541 1219 550 ,

359 560 564 618 χρῆσθαι
595 557 645 603 δὲ
677 559 874 619 λαϊμένῳ
906 594 1231 606 ........
1262 572 1279 606 '.
1311 595 1323 606 .
1355 595 1365 605 .
1398 595 1409 606 .

363 621 596 681 εὐλίμενον
630 624 757 671 αἶ’τυϊ
784 628 836 673 δὲ
869 627 989 687 πρὸς
1018 627 1124 680 τοὺς
1156 624 1386 684 πολέμους

362 725 745 738 .........
776 693 861 754 γὰρ
895 691 1079 754 ὃμορεῖν
1109 697 1207 746 τοῖς
1237 692 1384 752 κύκλω

336 758 534 823 *spada
546 760 597 804 δὲ
611 792 891 805 ..........
908 757 1002 805 ἀπὸ
1014 761 1102 803 τῶν
1112 760 1236 812 ἐντος
1247 756 1539 819 ἄσφάλειαν’
1516 758 1692 822 εχούση.

303 826 528 869 Muellerus
557 827 755 870 restituit.

355 894 560 950 χρῆσθαι
582 890 633 935 δὲ
654 894 761 936 Λᾶὶ
779 892 860 948 μὲν
882 890 906 937 ὃ
933 889 1186 952 [χυρώματι
1201 887 1455 951 Ἐπιδαύρῳ
1488 894 1581 950 (aut
1605 897 1648 936 Γ
1642 911 1693 938 v·-

357 957 501 1017 θείω)
532 957 582 1003 δὲ
613 957 819 1018 ἐμπορία)
853 958 928 1004 διὰ
954 958 1028 1016 τὸ]
1061 954 1308 1015 εὐλίμενον,
1339 957 1482 1018 Atym
1504 959 1554 1004 δὲ
1574 960 1693 1021 πρὸς

359 1025 466 1076 τοὺς
486 1024 718 1084 πολέμους
737 1025 1058 1084 [ἐπιτειχισμῶ,
1091 1023 1274 1086 ταύτην]
1297 1025 1381 1086 γὰρ
1397 1023 1580 1086 ὁμορεῖν
1593 1029 1692 1080 τοῖς

357 1088 505 1149 κύκλω
532 1090 833 1149 [πολεμίοις],
865 1089 1034 1151 Φάριδι
1055 1092 1106 1137 δε
1129 1090 1217 1149 [εἷς
1235 1089 1521 1150 ovv660v31'
1495 1092 1589 1138 απὸ
1604 1096 1691 1137 τῶν

356 1156 481 1208 ἐντὸς
504 1152 758 1217 ἆσφαλειαν
784 1156 960 1218 ἕχούση.

300 1226 386 1265 Aut
404 1224 616 1282 Gytheum
635 1225 779 1280 igitur,
810 1236 879 1268 aut
906 1226 1140 1283 Epidaurus
1158 1227 1322 1268 Limera
1349 1227 1447 1268 urbs
1471 1228 1549 1269 fuit
1575 1229 1689 1285 prin-

244 1304 341 1346 ceps
377 1290 586 1345 cujulsdam
620 1305 756 1332 earum
780 1291 1275 1347 183101111111(Ὧίῆΐίεῒε),
1305 1290 1376 1332 ubi
1394 1290 1690 1342 administrator

162 1391 175 1395 ,
244 1355 385 1406 sedem
418 1356 596 1397 habebat
614 1357 704 1412 ⁷⁹).
763 1358 905 1399 Talem
935 1357 1197 1410 divisionem,
1243 1357 1369 1399 multo
1408 1357 1527 1399 modo
1560 1358 1688 1400 serius

243 1420 472 1479 susceptam
488 1424 587 1480 ⁸⁰),
629 1439 772 1467 revera
806 1422 1032 1477 exstitisse,
1073 1438 1122 1466 eo
1156 1423 1459 1481 comprobatur,
1505 1424 1612 1480 quod
1644 1423 1687 1467 in

242 1489 450 1531 Messenia
473 1489 751 1532 siimllimam'
735 1489 963 1533 mvenimus
987 1489 1310 1533 distributionem
1323 1494 1338 1515 ⁸
1355 1490 1414 1546 ¹).

297 1548 502 1609 Historia,
543 1570 646 1612 quae
675 1556 764 1611 jam
793 1554 994 1612 sequitur,
1031 1543 1143 1597 urbis
1179 1554 1313 1613 gbiter
1345 1563 1500 1597 tantum
1535 1555 1686 1613 ubique

239 1630 511 1675 memoratae,
537 1638 670 1678 neque
693 1638 860 1679 magnas
879 1621 1026 1664 civium
1047 1621 1321 1664 contentiones
1336 1623 1528 1678 praebet,
1552 1638 1685 1679 neque

239 1685 463 1730 litterarum
481 1688 659 1744 artisque
683 1688 884 1731 studiosos
907 1686 1114 1742 homines,
1144 1688 1219 1730 sed
1242 1687 1574 1745 depopulationes
1593 1698 1695 1730 tan-.

239 1762 325 1795 tum
349 1754 493 1809 affert,
524 1754 670 1811 quibus
693 1770 764 1798 ora
786 1755 857 1797 illa
875 1769 1043 1810 quoque
1054 1753 1154 1795 belli
1175 1763 1355 1811 tempore
1377 1754 1558 1811 exposita
1580 1764 1680 1810 erat,

240 1808 349 1875 quod
363 1820 589 1863 Laconicae
604 1820 899 1863 mediterranea
914 1817 1044 1874 ῐειῖιι,
1074 1819 1166 1862 altis
1189 1819 1391 1863 montibus
1409 1820 1683 1899 inclus'er
1722 1856 1729 1860 «

240 1885 414 1928 difficilis
446 1896 486 1929 et
518 1885 745 1943 periculosa
777 1885 855 1928 fuit
883 1895 1093 1943 penetratu
1110 1890 1126 1913 ⁸
1140 1886 1184 1943 ²)
1213 1896 1254 1929 et
1273 1885 1683 1931 Lacedaemomorum

239 1952 432 2008 exiguum
452 1969 587 1996 rerum
605 1952 808 2005 navalium
825 1951 1001 1995 studium
1014 1952 1088 1995 has
1108 1952 1439 2011 depopulationes
1460 1953 1682 1997 securiores

236 2019 428 2063 reddidit.

290 2091 377 2131 Iam
415 2088 618 2145 extemplo
650 2086 775 2144 igitur
804 2096 897 2147 post
926 2087 1036 2131 bella
1054 2085 1216 2129 Persica
1241 2062 1553 2130 Themistoclem
1576 2087 1682 2131 inter

234 2153 316 2196 alia
349 2153 537 2208 consilia,
569 2153 713 2210 quibus
737 2153 1013 2200 Athenienses
1038 2152 1231 2217 Graeciae
1252 2152 1515 2209 imperatores
1536 2153 1678 2209 faciat,

280 2254 348 2295 78)
373 2254 553 2298 Mueller,
579 2254 672 2290 Dor.
700 2254 727 2289 Ι.
819 2256 877 2290 94.
904 2261 982 2289 not.
1009 2256 1045 2289 3.

281 2301 351 2342 79)
377 2300 519 2336 Eodem
543 2280 658 2335 ’ferme
685 2268 816 2346 mogo,
843 2300 1000 2349 opinor,
1028 2306 1069 2336 ut
1094 2301 1133 2335 in
1150 2301 1271 2337 insula
1291 2302 1475 2349 Cytheris.
1508 2303 1676 2363 Thucyd-

233 2348 292 2384 IV.
319 2349 377 2383 53.
403 2345 708 2405 Λακεδαιμόνιοι
733 2350 774 2384 δὲ
798 2353 868 2383 εἰσὶ
889 2351 945 2388 (οἱ
964 2346 1171 2397 Κυθήοιοι)
1197 2352 1271 2385 τῶν
1291 2354 1494 2407 περιοίκων
1519 2353 1583 2384 καὶ
1608 2363 1677 2385 κυ-

232 2397 454 2442 θηροδίκης,
481 2392 577 2441 ἀοχὴ
598 2396 639 2430 ἐκ
663 2396 724 2438 τῆς
742 2393 917 2442 Σπαρτης
944 2398 1109 2442 διέβαινε
1132 2394 1268 2433 αὐτόσε
1295 2395 1389 2432 κατὰ
1409 2398 1499 2435 ἔτος.

278 2444 343 2487 80)
369 2423 540 2490 Ephorus
627 2439 725 2475 idem
758 2441 999 2495 Eurysthenis
1031 2449 1066 2477 et
1098 2442 1238 2478 Proclis
1270 2450 1436 2492 tempore
1466 2442 1507 2479 id
1538 2442 1677 2480 factum

232 2502 309 2525 esse
330 2452 708 2534 11111131,οἙυῆ811
735 2500 811 2522 non
836 2489 997 2541 potuisse
1018 2491 1091 2534 jam
1110 2497 1264 2527 constat.

278 2537 341 2581 81)
370 2538 506 2584 Stenyc
521 2548 629 2580 a,rus
665 2536 800 2583 Pylus‚
837 2534 994 2579 Rhium,
1032 2536 1174 2572 Mesola
1210 2545 1265 2587 et
1279 2537 1458 2586 Hyamia,
1496 2539 1676 2583 Mueller,

230 2582 954 2673 ΒΟ811)ΙΧΙ«;1,11.951-1811811.ῪῙ.5.,2·”Ιν.ἷ>’τι
980 2630 1288 2678 δυσεμβολωτάτη
1318 2633 1393 2680 μὲν
1419 2631 1441 2679 ἡ
1469 2631 1675 2677 Λακωνικὴ

230 2679 376 2725 ἐλέγετο
402 2681 510 2714 εἰναι.
