<?xml version="1.0" encoding="UTF-8"?>
<!DOCTYPE html PUBLIC "-//W3C//DTD XHTML 1.0 Transitional//EN"
    "http://www.w3.org/TR/xhtml1/DTD/xhtml1-transitional.dtd">
<html xmlns="http://www.w3.org/1999/xhtml" xml:lang="en" lang="en">
 <head>
  <title>
</title>
<meta http-equiv="Content-Type" content="text/html;charset=utf-8" />
  <meta name='ocr-system' content='tesseract 3.04.00' />
  <meta name='ocr-capabilities' content='ocr_page ocr_carea ocr_par ocr_line ocrx_word'/>
</head>
<body>
  <div class='ocr_page' id='page_1' title='image "4737211_0081.png"; bbox 0 0 1848 2919; ppageno 0'>
   <div class='ocr_carea' id='block_1_1' title="bbox 194 2579 1416 2634">
    <p class='ocr_par' dir='ltr' id='par_1_1' title="bbox 194 2579 1416 2634">
     <span class='ocr_line' id='line_1_1' title="bbox 194 2579 1416 2634; baseline -0.005 -12"><span class='ocrx_word' id='word_1_1' title='bbox 194 2584 197 2587; x_wconf 52' lang='lat'><strong>⁴</strong></span> <span class='ocrx_word' id='word_1_2' title='bbox 271 2587 367 2634; x_wconf 75' lang='grc' dir='ltr'><em>ὑμᾶς</em></span> <span class='ocrx_word' id='word_1_3' title='bbox 377 2583 517 2631; x_wconf 73' lang='grc' dir='ltr'><strong><em>βλάψαι</em></strong></span> <span class='ocrx_word' id='word_1_4' title='bbox 540 2597 577 2621; x_wconf 83' lang='grc' dir='ltr'><strong>τε</strong></span> <span class='ocrx_word' id='word_1_5' title='bbox 600 2583 710 2629; x_wconf 80' lang='grc' dir='ltr'>ἡαῶν</span> <span class='ocrx_word' id='word_1_6' title='bbox 730 2581 820 2630; x_wconf 80' lang='grc' dir='ltr'>ὑμῖν</span> <span class='ocrx_word' id='word_1_7' title='bbox 837 2583 1059 2627; x_wconf 75' lang='grc' dir='ltr'><strong><em>ἐπιτηδείων</em></strong></span> <span class='ocrx_word' id='word_1_8' title='bbox 1075 2579 1214 2624; x_wconf 49' lang='grc' dir='ltr'><strong>ὄντως·</strong></span> <span class='ocrx_word' id='word_1_9' title='bbox 1233 2581 1286 2617; x_wconf 79' lang='lat' dir='ltr'><strong>ait</strong></span> <span class='ocrx_word' id='word_1_10' title='bbox 1297 2583 1416 2617; x_wconf 80' lang='lat' dir='ltr'><strong>Autoc</strong></span> 
     </span>
    </p>
   </div>
   <div class='ocr_carea' id='block_1_2' title="bbox 843 152 1179 194">
    <p class='ocr_par' dir='ltr' id='par_1_2' title="bbox 843 152 1179 194">
     <span class='ocr_line' id='line_1_2' title="bbox 843 152 1179 194; baseline 0.003 -11"><span class='ocrx_word' id='word_1_11' title='bbox 843 152 1179 194; x_wconf 57' lang='lat'><strong>„68-</strong></span> 
     </span>
    </p>
   </div>
   <div class='ocr_carea' id='block_1_3' title="bbox 274 247 1734 913">
    <p class='ocr_par' dir='ltr' id='par_1_3' title="bbox 274 247 1734 913">
     <span class='ocr_line' id='line_1_3' title="bbox 277 247 1731 312; baseline 0.003 -20"><span class='ocrx_word' id='word_1_12' title='bbox 277 247 364 292; x_wconf 79' lang='lat' dir='ltr'><strong>dies</strong></span> <span class='ocrx_word' id='word_1_13' title='bbox 381 250 635 307; x_wconf 84' lang='lat' dir='ltr'><strong>attriverunt,</strong></span> <span class='ocrx_word' id='word_1_14' title='bbox 669 247 710 297; x_wconf 85' lang='lat' dir='ltr'><strong>et</strong></span> <span class='ocrx_word' id='word_1_15' title='bbox 727 269 817 296; x_wconf 87' lang='lat' dir='ltr'><strong>cum</strong></span> <span class='ocrx_word' id='word_1_16' title='bbox 827 251 1141 312; x_wconf 82' lang='lat' dir='ltr'><strong>Lacedaemonii</strong></span> <span class='ocrx_word' id='word_1_17' title='bbox 1156 267 1376 311; x_wconf 85' lang='lat' dir='ltr'><strong>eorumque</strong></span> <span class='ocrx_word' id='word_1_18' title='bbox 1396 254 1510 310; x_wconf 84' lang='lat' dir='ltr'><strong>socii,</strong></span> <span class='ocrx_word' id='word_1_19' title='bbox 1540 262 1585 297; x_wconf 87' lang='lat' dir='ltr'><strong>ut</strong></span> <span class='ocrx_word' id='word_1_20' title='bbox 1597 250 1731 297; x_wconf 82' lang='lat' dir='ltr'><strong>Athe-</strong></span> 
     </span>
     <span class='ocr_line' id='line_1_4' title="bbox 275 316 1733 378; baseline 0.002 -18"><span class='ocrx_word' id='word_1_21' title='bbox 275 331 349 360; x_wconf 85' lang='lat' dir='ltr'><strong>nas</strong></span> <span class='ocrx_word' id='word_1_22' title='bbox 376 317 584 362; x_wconf 80' lang='lat' dir='ltr'>Thebanis</span> <span class='ocrx_word' id='word_1_23' title='bbox 610 316 865 377; x_wconf 82' lang='lat' dir='ltr'><strong>conjunctas,</strong></span> <span class='ocrx_word' id='word_1_24' title='bbox 897 335 1002 377; x_wconf 89' lang='lat' dir='ltr'><strong>quae</strong></span> <span class='ocrx_word' id='word_1_25' title='bbox 1016 336 1066 364; x_wconf 91' lang='lat' dir='ltr'><strong>eo</strong></span> <span class='ocrx_word' id='word_1_26' title='bbox 1084 330 1269 378; x_wconf 82' lang='lat' dir='ltr'><strong>tempore</strong></span> <span class='ocrx_word' id='word_1_27' title='bbox 1289 335 1443 363; x_wconf 82' lang='lat' dir='ltr'><strong>novam</strong></span> <span class='ocrx_word' id='word_1_28' title='bbox 1461 321 1733 365; x_wconf 67' lang='lat' dir='ltr'><strong>formaverunt</strong></span> 
     </span>
     <span class='ocr_line' id='line_1_5' title="bbox 275 383 1734 447; baseline 0.003 -21"><span class='ocrx_word' id='word_1_29' title='bbox 275 383 509 428; x_wconf 85' lang='lat' dir='ltr'><strong>societatem</strong></span> <span class='ocrx_word' id='word_1_30' title='bbox 527 390 537 411; x_wconf 87' lang='lat'><strong>¹</strong></span> <span class='ocrx_word' id='word_1_31' title='bbox 552 389 569 413; x_wconf 83' lang='lat'>⁹</span> <span class='ocrx_word' id='word_1_32' title='bbox 584 387 628 444; x_wconf 83' lang='lat'><strong>¹)</strong></span> <span class='ocrx_word' id='word_1_33' title='bbox 660 387 774 430; x_wconf 87' lang='lat' dir='ltr'><strong>bello</strong></span> <span class='ocrx_word' id='word_1_34' title='bbox 799 388 903 431; x_wconf 88' lang='lat' dir='ltr'><strong>mari</strong></span> <span class='ocrx_word' id='word_1_35' title='bbox 937 387 1281 445; x_wconf 83' lang='lat' dir='ltr'><strong>aggrederentur,</strong></span> <span class='ocrx_word' id='word_1_36' title='bbox 1321 387 1503 430; x_wconf 79' lang='lat' dir='ltr'><strong>classem</strong></span> <span class='ocrx_word' id='word_1_37' title='bbox 1521 388 1734 447; x_wconf 74' lang='lat' dir='ltr'><strong>sexaginta</strong></span> 
     </span>
     <span class='ocr_line' id='line_1_6' title="bbox 274 451 1733 510; baseline 0.004 -17"><span class='ocrx_word' id='word_1_38' title='bbox 274 451 439 494; x_wconf 82' lang='lat' dir='ltr'><strong>navium</strong></span> <span class='ocrx_word' id='word_1_39' title='bbox 462 452 626 496; x_wconf 85' lang='lat' dir='ltr'><strong>Pollide</strong></span> <span class='ocrx_word' id='word_1_40' title='bbox 653 454 757 497; x_wconf 91' lang='lat' dir='ltr'><strong>duce</strong></span> <span class='ocrx_word' id='word_1_41' title='bbox 783 452 1038 510; x_wconf 77' lang='lat' dir='ltr'><strong>emitterent,</strong></span> <span class='ocrx_word' id='word_1_42' title='bbox 1068 453 1136 497; x_wconf 89' lang='lat' dir='ltr'><strong>hic</strong></span> <span class='ocrx_word' id='word_1_43' title='bbox 1166 468 1192 497; x_wconf 87' lang='lat' dir='ltr'><strong>a</strong></span> <span class='ocrx_word' id='word_1_44' title='bbox 1219 452 1399 497; x_wconf 79' lang='lat' dir='ltr'><strong>chabria</strong></span> <span class='ocrx_word' id='word_1_45' title='bbox 1427 452 1537 510; x_wconf 87' lang='lat' dir='ltr'><strong>a&#39;pud</strong></span> <span class='ocrx_word' id='word_1_46' title='bbox 1572 458 1733 499; x_wconf 80' lang='lat' dir='ltr'><strong>Naxum</strong></span> 
     </span>
     <span class='ocr_line' id='line_1_7' title="bbox 275 519 1732 579; baseline 0.003 -18"><span class='ocrx_word' id='word_1_47' title='bbox 275 534 424 575; x_wconf 85' lang='lat' dir='ltr'><strong>magno</strong></span> <span class='ocrx_word' id='word_1_48' title='bbox 452 520 611 577; x_wconf 82' lang='lat' dir='ltr'><strong>proelio</strong></span> <span class='ocrx_word' id='word_1_49' title='bbox 645 531 860 578; x_wconf 82' lang='lat' dir='ltr'><strong>superatus</strong></span> <span class='ocrx_word' id='word_1_50' title='bbox 895 530 958 564; x_wconf 88' lang='lat' dir='ltr'><strong>est</strong></span> <span class='ocrx_word' id='word_1_51' title='bbox 977 526 989 547; x_wconf 90' lang='lat'><strong>¹</strong></span> <span class='ocrx_word' id='word_1_52' title='bbox 1003 521 1093 578; x_wconf 81' lang='lat'><strong>⁹²).</strong></span> <span class='ocrx_word' id='word_1_53' title='bbox 1134 520 1199 577; x_wconf 85' lang='lat' dir='ltr'><strong>(a.</strong></span> <span class='ocrx_word' id='word_1_54' title='bbox 1220 519 1299 562; x_wconf 81' lang='lat' dir='ltr'><strong>Ch.</strong></span> <span class='ocrx_word' id='word_1_55' title='bbox 1320 519 1420 562; x_wconf 76' lang='lat'><strong>376.</strong></span> <span class='ocrx_word' id='word_1_56' title='bbox 1442 519 1517 561; x_wconf 89' lang='grc'><strong>01.</strong></span> <span class='ocrx_word' id='word_1_57' title='bbox 1540 520 1638 564; x_wconf 87' lang='grc'><strong>101.</strong></span> <span class='ocrx_word' id='word_1_58' title='bbox 1664 521 1732 579; x_wconf 90' lang='grc'><strong>1.)</strong></span> 
     </span>
     <span class='ocr_line' id='line_1_8' title="bbox 274 584 1733 646; baseline 0.002 -18"><span class='ocrx_word' id='word_1_59' title='bbox 274 584 382 628; x_wconf 86' lang='lat' dir='ltr'><strong>Hinc</strong></span> <span class='ocrx_word' id='word_1_60' title='bbox 412 587 602 644; x_wconf 84' lang='lat' dir='ltr'><strong>Spartani</strong></span> <span class='ocrx_word' id='word_1_61' title='bbox 638 587 855 646; x_wconf 86' lang='lat' dir='ltr'><strong>imperium</strong></span> <span class='ocrx_word' id='word_1_62' title='bbox 888 585 1134 630; x_wconf 83' lang='lat' dir='ltr'><strong>maritimum</strong></span> <span class='ocrx_word' id='word_1_63' title='bbox 1169 584 1433 644; x_wconf 52' lang='lat' dir='ltr'><strong>amiserunt,⁸</strong></span> <span class='ocrx_word' id='word_1_64' title='bbox 1460 584 1569 643; x_wconf 88' lang='lat' dir='ltr'><strong>quod</strong></span> <span class='ocrx_word' id='word_1_65' title='bbox 1586 602 1733 645; x_wconf 51' lang='lat' dir='ltr'><strong>&gt;neque</strong></span> 
     </span>
     <span class='ocr_line' id='line_1_9' title="bbox 274 652 1732 715; baseline -0.001 -18"><span class='ocrx_word' id='word_1_66' title='bbox 274 653 522 710; x_wconf 76' lang='lat' dir='ltr'><strong>posteriores</strong></span> <span class='ocrx_word' id='word_1_67' title='bbox 551 666 717 710; x_wconf 80' lang='lat' dir='ltr'><strong>conatus</strong></span> <span class='ocrx_word' id='word_1_68' title='bbox 740 662 750 683; x_wconf 92' lang='lat'>¹</span> <span class='ocrx_word' id='word_1_69' title='bbox 767 659 783 683; x_wconf 77' lang='lat'>⁹</span> <span class='ocrx_word' id='word_1_70' title='bbox 795 656 867 713; x_wconf 82' lang='lat'><strong>³),</strong></span> <span class='ocrx_word' id='word_1_71' title='bbox 897 671 1033 712; x_wconf 88' lang='lat' dir='ltr'><strong>neque</strong></span> <span class='ocrx_word' id='word_1_72' title='bbox 1046 654 1236 715; x_wconf 82' lang='lat' dir='ltr'><strong>Dionysii</strong></span> <span class='ocrx_word' id='word_1_73' title='bbox 1254 657 1382 698; x_wconf 84' lang='lat' dir='ltr'><strong>naves</strong></span> <span class='ocrx_word' id='word_1_74' title='bbox 1400 652 1617 700; x_wconf 83' lang='lat' dir='ltr'><strong>auxiliares</strong></span> <span class='ocrx_word' id='word_1_75' title='bbox 1633 659 1644 681; x_wconf 90' lang='lat'><strong>¹</strong></span> <span class='ocrx_word' id='word_1_76' title='bbox 1657 658 1674 682; x_wconf 85' lang='lat'>⁹</span> <span class='ocrx_word' id='word_1_77' title='bbox 1686 657 1732 713; x_wconf 85' lang='lat'><strong>⁴)</strong></span> 
     </span>
     <span class='ocr_line' id='line_1_10' title="bbox 274 720 1733 780; baseline 0.001 -16"><span class='ocrx_word' id='word_1_78' title='bbox 274 720 488 765; x_wconf 83' lang='lat' dir='ltr'><strong>restituere</strong></span> <span class='ocrx_word' id='word_1_79' title='bbox 509 732 719 780; x_wconf 85' lang='lat' dir='ltr'><strong>poterant;</strong></span> <span class='ocrx_word' id='word_1_80' title='bbox 749 738 869 780; x_wconf 86' lang='lat' dir='ltr'><strong>quam</strong></span> <span class='ocrx_word' id='word_1_81' title='bbox 896 722 948 765; x_wconf 86' lang='lat' dir='ltr'><strong>ob</strong></span> <span class='ocrx_word' id='word_1_82' title='bbox 979 737 1066 765; x_wconf 87' lang='lat' dir='ltr'><strong>rem</strong></span> <span class='ocrx_word' id='word_1_83' title='bbox 1096 721 1246 765; x_wconf 87' lang='lat' dir='ltr'><strong>deinde</strong></span> <span class='ocrx_word' id='word_1_84' title='bbox 1275 721 1320 765; x_wconf 85' lang='lat' dir='ltr'><strong>in</strong></span> <span class='ocrx_word' id='word_1_85' title='bbox 1343 729 1541 764; x_wconf 88' lang='lat' dir='ltr'><strong>conventu</strong></span> <span class='ocrx_word' id='word_1_86' title='bbox 1561 722 1733 779; x_wconf 83' lang='lat' dir='ltr'><strong>Spartae</strong></span> 
     </span>
     <span class='ocr_line' id='line_1_11' title="bbox 275 784 1731 847; baseline 0.001 -17"><span class='ocrx_word' id='word_1_87' title='bbox 275 786 416 831; x_wconf 89' lang='lat' dir='ltr'><strong>habito</strong></span> <span class='ocrx_word' id='word_1_88' title='bbox 439 784 551 844; x_wconf 75' lang='lat'>(372</span> <span class='ocrx_word' id='word_1_89' title='bbox 567 787 609 831; x_wconf 81' lang='lat' dir='ltr'><strong>a.</strong></span> <span class='ocrx_word' id='word_1_90' title='bbox 630 789 737 845; x_wconf 82' lang='lat' dir='ltr'><strong>ch.)</strong></span> <span class='ocrx_word' id='word_1_91' title='bbox 768 789 833 831; x_wconf 90' lang='lat' dir='ltr'><strong>illi</strong></span> <span class='ocrx_word' id='word_1_92' title='bbox 851 786 1173 832; x_wconf 84' lang='lat' dir='ltr'><strong>Atheniensibus</strong></span> <span class='ocrx_word' id='word_1_93' title='bbox 1189 788 1246 832; x_wconf 50' lang='lat' dir='ltr'><strong>*id</strong></span> <span class='ocrx_word' id='word_1_94' title='bbox 1265 796 1429 847; x_wconf 77' lang='lat' dir='ltr'><strong>prorsus</strong></span> <span class='ocrx_word' id='word_1_95' title='bbox 1455 787 1731 845; x_wconf 83' lang='lat' dir='ltr'><strong>reliquerunt,</strong></span> 
     </span>
     <span class='ocr_line' id='line_1_12' title="bbox 276 852 1729 913; baseline 0.001 -16"><span class='ocrx_word' id='word_1_96' title='bbox 276 863 316 898; x_wconf 88' lang='lat' dir='ltr'><strong>et</strong></span> <span class='ocrx_word' id='word_1_97' title='bbox 336 852 417 896; x_wconf 75' lang='lat' dir='ltr'><strong>sibi</strong></span> <span class='ocrx_word' id='word_1_98' title='bbox 439 853 689 897; x_wconf 85' lang='lat' dir='ltr'><strong>terrestrium</strong></span> <span class='ocrx_word' id='word_1_99' title='bbox 714 863 871 896; x_wconf 86' lang='lat' dir='ltr'><strong>tantum</strong></span> <span class='ocrx_word' id='word_1_100' title='bbox 895 854 1102 912; x_wconf 85' lang='lat' dir='ltr'><strong>copiarum</strong></span> <span class='ocrx_word' id='word_1_101' title='bbox 1114 853 1329 911; x_wconf 84' lang='lat' dir='ltr'><strong>imperium</strong></span> <span class='ocrx_word' id='word_1_102' title='bbox 1342 854 1626 899; x_wconf 79' lang='lat' dir='ltr'><strong>vindicarunt·</strong></span> <span class='ocrx_word' id='word_1_103' title='bbox 1638 856 1729 913; x_wconf 74' lang='lat'><strong>⁹⁶).</strong></span> 
     </span>
    </p>
   </div>
   <div class='ocr_carea' id='block_1_4' title="bbox 330 953 1731 1107">
    <p class='ocr_par' dir='ltr' id='par_1_4' title="bbox 330 953 1731 1107">
     <span class='ocr_line' id='line_1_13' title="bbox 401 953 1688 1025; baseline 0.002 -18"><span class='ocrx_word' id='word_1_104' title='bbox 401 957 460 1007; x_wconf 92' lang='lat' dir='ltr'><strong>B.</strong></span> <span class='ocrx_word' id='word_1_105' title='bbox 498 956 608 1008; x_wconf 81' lang='lat' dir='ltr'><strong>Ars</strong></span> <span class='ocrx_word' id='word_1_106' title='bbox 635 956 692 1007; x_wconf 74' lang='lat' dir='ltr'><strong>in</strong></span> <span class='ocrx_word' id='word_1_107' title='bbox 717 957 1085 1009; x_wconf 72' lang='lat' dir='ltr'><strong>committendis</strong></span> <span class='ocrx_word' id='word_1_108' title='bbox 1103 955 1294 1025; x_wconf 69' lang='lat' dir='ltr'><strong>pugn-225</strong></span> <span class='ocrx_word' id='word_1_109' title='bbox 1318 958 1608 1009; x_wconf 72' lang='lat' dir='ltr'><strong>navalilnw.</strong></span> <span class='ocrx_word' id='word_1_110' title='bbox 1680 953 1688 959; x_wconf 48' lang='grc'><em>”</em></span> 
     </span>
     <span class='ocr_line' id='line_1_14' title="bbox 330 1046 1731 1107; baseline 0 -17"><span class='ocrx_word' id='word_1_111' title='bbox 330 1046 452 1090; x_wconf 90' lang='lat' dir='ltr'><strong>Initio</strong></span> <span class='ocrx_word' id='word_1_112' title='bbox 475 1047 600 1104; x_wconf 82' lang='lat' dir='ltr'><strong>hujus</strong></span> <span class='ocrx_word' id='word_1_113' title='bbox 621 1048 781 1105; x_wconf 86' lang='lat' dir='ltr'><strong>periodi</strong></span> <span class='ocrx_word' id='word_1_114' title='bbox 802 1049 1122 1107; x_wconf 88' lang='lat' dir='ltr'><strong>Peloponnesios</strong></span> <span class='ocrx_word' id='word_1_115' title='bbox 1146 1047 1294 1091; x_wconf 88' lang='lat' dir='ltr'><strong>iisdem</strong></span> <span class='ocrx_word' id='word_1_116' title='bbox 1313 1047 1437 1091; x_wconf 82' lang='lat' dir='ltr'><strong>rebus</strong></span> <span class='ocrx_word' id='word_1_117' title='bbox 1455 1048 1643 1091; x_wconf 79' lang='lat' dir='ltr'><strong>laborare</strong></span> <span class='ocrx_word' id='word_1_118' title='bbox 1666 1047 1731 1092; x_wconf 86' lang='lat' dir='ltr'><strong>vi-</strong></span> 
     </span>
    </p>
   </div>
   <div class='ocr_carea' id='block_1_5' title="bbox 274 1114 1732 1239">
    <p class='ocr_par' dir='ltr' id='par_1_5' title="bbox 274 1114 1732 1239">
     <span class='ocr_line' id='line_1_15' title="bbox 275 1114 1732 1173; baseline 0.001 -16"><span class='ocrx_word' id='word_1_119' title='bbox 275 1114 439 1169; x_wconf 82' lang='lat' dir='ltr'><strong>demus,</strong></span> <span class='ocrx_word' id='word_1_120' title='bbox 479 1129 584 1171; x_wconf 85' lang='lat' dir='ltr'><strong>quae</strong></span> <span class='ocrx_word' id='word_1_121' title='bbox 612 1124 732 1157; x_wconf 87' lang='lat' dir='ltr'><strong>antea</strong></span> <span class='ocrx_word' id='word_1_122' title='bbox 761 1114 926 1159; x_wconf 84' lang='lat' dir='ltr'><strong>fuerunt</strong></span> <span class='ocrx_word' id='word_1_123' title='bbox 955 1114 1269 1173; x_wconf 87' lang='lat' dir='ltr'><strong>impedimento;</strong></span> <span class='ocrx_word' id='word_1_124' title='bbox 1309 1131 1449 1159; x_wconf 88' lang='lat' dir='ltr'><strong>eorum</strong></span> <span class='ocrx_word' id='word_1_125' title='bbox 1483 1114 1653 1159; x_wconf 83' lang='lat' dir='ltr'><strong>tarditas</strong></span> <span class='ocrx_word' id='word_1_126' title='bbox 1690 1126 1732 1165; x_wconf 86' lang='lat' dir='ltr'><strong>et</strong></span> 
     </span>
     <span class='ocr_line' id='line_1_16' title="bbox 274 1180 1732 1239; baseline 0.001 -15"><span class='ocrx_word' id='word_1_127' title='bbox 274 1181 506 1238; x_wconf 82' lang='lat' dir='ltr'><strong>superstitio</strong></span> <span class='ocrx_word' id='word_1_128' title='bbox 531 1184 631 1237; x_wconf 68' lang='lat'><strong>¹⁵³⁶)</strong></span> <span class='ocrx_word' id='word_1_129' title='bbox 659 1180 817 1238; x_wconf 84' lang='lat' dir='ltr'><strong>primae</strong></span> <span class='ocrx_word' id='word_1_130' title='bbox 852 1182 993 1225; x_wconf 86' lang='lat' dir='ltr'><strong>classis</strong></span> <span class='ocrx_word' id='word_1_131' title='bbox 1030 1180 1285 1224; x_wconf 84' lang='lat' dir='ltr'><strong>obsidionem</strong></span> <span class='ocrx_word' id='word_1_132' title='bbox 1319 1180 1477 1237; x_wconf 82' lang='lat' dir='ltr'><strong>attulit,</strong></span> <span class='ocrx_word' id='word_1_133' title='bbox 1514 1197 1647 1239; x_wconf 77' lang='lat' dir='ltr'><strong>quare</strong></span> <span class='ocrx_word' id='word_1_134' title='bbox 1680 1183 1732 1226; x_wconf 84' lang='lat' dir='ltr'><strong>iis</strong></span> 
     </span>
    </p>
   </div>
   <div class='ocr_carea' id='block_1_6' title="bbox 273 1246 1753 1305">
    <p class='ocr_par' dir='ltr' id='par_1_6' title="bbox 273 1246 1753 1305">
     <span class='ocr_line' id='line_1_17' title="bbox 273 1246 1753 1305; baseline -0.001 -14"><span class='ocrx_word' id='word_1_135' title='bbox 273 1248 534 1292; x_wconf 75' lang='lat' dir='ltr'><strong>adhortatore</strong></span> <span class='ocrx_word' id='word_1_136' title='bbox 556 1263 658 1305; x_wconf 86' lang='lat' dir='ltr'><strong>opus</strong></span> <span class='ocrx_word' id='word_1_137' title='bbox 684 1256 772 1290; x_wconf 86' lang='lat' dir='ltr'><strong>erat</strong></span> <span class='ocrx_word' id='word_1_138' title='bbox 792 1247 1173 1303; x_wconf 80' lang='lat' dir='ltr'><strong>vehementissimo,</strong></span> <span class='ocrx_word' id='word_1_139' title='bbox 1204 1246 1274 1305; x_wconf 89' lang='lat' dir='ltr'><strong>qui</strong></span> <span class='ocrx_word' id='word_1_140' title='bbox 1304 1246 1491 1292; x_wconf 85' lang='lat' dir='ltr'><strong>omnibus</strong></span> <span class='ocrx_word' id='word_1_141' title='bbox 1513 1249 1669 1293; x_wconf 85' lang='lat' dir='ltr'><strong>viribus</strong></span> <span class='ocrx_word' id='word_1_142' title='bbox 1688 1249 1732 1292; x_wconf 91' lang='lat' dir='ltr'><strong>in</strong></span> <span class='ocrx_word' id='word_1_143' title='bbox 1751 1287 1753 1289; x_wconf 93' lang='lat'><strong>.</strong></span> 
     </span>
    </p>
   </div>
   <div class='ocr_carea' id='block_1_7' title="bbox 273 1309 1732 1571">
    <p class='ocr_par' dir='ltr' id='par_1_7' title="bbox 273 1309 1732 1571">
     <span class='ocr_line' id='line_1_18' title="bbox 276 1309 1732 1371; baseline 0.001 -13"><span class='ocrx_word' id='word_1_144' title='bbox 276 1331 326 1358; x_wconf 90' lang='lat' dir='ltr'><strong>eo</strong></span> <span class='ocrx_word' id='word_1_145' title='bbox 351 1314 518 1369; x_wconf 84' lang='lat' dir='ltr'><strong>institit,</strong></span> <span class='ocrx_word' id='word_1_146' title='bbox 549 1324 595 1357; x_wconf 92' lang='lat' dir='ltr'><strong>ut</strong></span> <span class='ocrx_word' id='word_1_147' title='bbox 623 1313 685 1356; x_wconf 89' lang='lat' dir='ltr'><strong>rei</strong></span> <span class='ocrx_word' id='word_1_148' title='bbox 708 1309 874 1371; x_wconf 83' lang='lat' dir='ltr'><strong>operam</strong></span> <span class='ocrx_word' id='word_1_149' title='bbox 898 1312 1065 1368; x_wconf 85' lang='lat' dir='ltr'><strong>darent,</strong></span> <span class='ocrx_word' id='word_1_150' title='bbox 1095 1328 1200 1370; x_wconf 91' lang='lat' dir='ltr'><strong>quae</strong></span> <span class='ocrx_word' id='word_1_151' title='bbox 1224 1314 1312 1356; x_wconf 81' lang='lat' dir='ltr'><strong>sola</strong></span> <span class='ocrx_word' id='word_1_152' title='bbox 1337 1315 1391 1356; x_wconf 85' lang='lat' dir='ltr'><strong>ad</strong></span> <span class='ocrx_word' id='word_1_153' title='bbox 1419 1315 1628 1359; x_wconf 87' lang='lat' dir='ltr'><strong>victoriam</strong></span> <span class='ocrx_word' id='word_1_154' title='bbox 1661 1333 1732 1360; x_wconf 84' lang='lat' dir='ltr'><strong>eos</strong></span> 
     </span>
     <span class='ocr_line' id='line_1_19' title="bbox 275 1372 1730 1441; baseline 0.001 -16"><span class='ocrx_word' id='word_1_155' title='bbox 275 1384 423 1425; x_wconf 86' lang='lat' dir='ltr'><strong>ducere</strong></span> <span class='ocrx_word' id='word_1_156' title='bbox 437 1390 591 1441; x_wconf 82' lang='lat' dir='ltr'><strong>posset.</strong></span> <span class='ocrx_word' id='word_1_157' title='bbox 621 1382 702 1423; x_wconf 86' lang='lat' dir='ltr'><strong>Per</strong></span> <span class='ocrx_word' id='word_1_158' title='bbox 715 1388 843 1422; x_wconf 88' lang='lat' dir='ltr'><strong>totum</strong></span> <span class='ocrx_word' id='word_1_159' title='bbox 862 1372 1023 1437; x_wconf 69' lang='lat' dir='ltr'><strong>tempus</strong></span> <span class='ocrx_word' id='word_1_160' title='bbox 1036 1379 1237 1440; x_wconf 82' lang='lat' dir='ltr'><strong>Astyochi</strong></span> <span class='ocrx_word' id='word_1_161' title='bbox 1251 1380 1529 1438; x_wconf 86' lang='lat' dir='ltr'><strong>praefecturae</strong></span> <span class='ocrx_word' id='word_1_162' title='bbox 1543 1399 1596 1425; x_wconf 91' lang='lat' dir='ltr'><strong>ne</strong></span> <span class='ocrx_word' id='word_1_163' title='bbox 1609 1398 1730 1426; x_wconf 82' lang='lat' dir='ltr'><strong>unam</strong></span> 
     </span>
     <span class='ocr_line' id='line_1_20' title="bbox 274 1445 1730 1509; baseline -0.001 -16"><span class='ocrx_word' id='word_1_164' title='bbox 274 1450 441 1509; x_wconf 81' lang='lat' dir='ltr'><strong>quidem</strong></span> <span class='ocrx_word' id='word_1_165' title='bbox 467 1463 647 1507; x_wconf 86' lang='lat' dir='ltr'><strong>pugnam</strong></span> <span class='ocrx_word' id='word_1_166' title='bbox 680 1447 869 1491; x_wconf 83' lang='lat' dir='ltr'><strong>navalem</strong></span> <span class='ocrx_word' id='word_1_167' title='bbox 902 1445 1151 1489; x_wconf 87' lang='lat' dir='ltr'><strong>committere</strong></span> <span class='ocrx_word' id='word_1_168' title='bbox 1180 1447 1332 1490; x_wconf 80' lang='lat' dir='ltr'><strong>audent</strong></span> <span class='ocrx_word' id='word_1_169' title='bbox 1364 1447 1548 1504; x_wconf 87' lang='lat' dir='ltr'><strong>quamvis</strong></span> <span class='ocrx_word' id='word_1_170' title='bbox 1579 1449 1730 1492; x_wconf 83' lang='lat' dir='ltr'><strong>multae</strong></span> 
     </span>
     <span class='ocr_line' id='line_1_21' title="bbox 273 1511 1728 1571; baseline -0.001 -11"><span class='ocrx_word' id='word_1_171' title='bbox 273 1516 434 1560; x_wconf 86' lang='lat' dir='ltr'><strong>oblatae</strong></span> <span class='ocrx_word' id='word_1_172' title='bbox 450 1514 532 1557; x_wconf 84' lang='lat' dir='ltr'><strong>sint</strong></span> <span class='ocrx_word' id='word_1_173' title='bbox 549 1512 891 1571; x_wconf 82' lang='lat' dir='ltr'><strong>opportunitates,</strong></span> <span class='ocrx_word' id='word_1_174' title='bbox 922 1511 980 1554; x_wconf 88' lang='lat' dir='ltr'><strong>ita</strong></span> <span class='ocrx_word' id='word_1_175' title='bbox 999 1521 1044 1554; x_wconf 87' lang='lat' dir='ltr'><strong>ut</strong></span> <span class='ocrx_word' id='word_1_176' title='bbox 1057 1511 1302 1570; x_wconf 73' lang='lat' dir='ltr'><strong>milites&#39;ipsi</strong></span> <span class='ocrx_word' id='word_1_177' title='bbox 1323 1515 1617 1558; x_wconf 78' lang='lat' dir='ltr'><strong>cunctationem</strong></span> <span class='ocrx_word' id='word_1_178' title='bbox 1637 1524 1728 1558; x_wconf 85' lang='lat' dir='ltr'><strong>tan-</strong></span> 
     </span>
    </p>
   </div>
   <div class='ocr_carea' id='block_1_8' title="bbox 243 1577 1729 1639">
    <p class='ocr_par' dir='ltr' id='par_1_8' title="bbox 243 1577 1729 1639">
     <span class='ocr_line' id='line_1_22' title="bbox 243 1577 1729 1639; baseline -0.001 -13"><span class='ocrx_word' id='word_1_179' title='bbox 243 1581 253 1587; x_wconf 78' lang='grc'><em>”</em></span> <span class='ocrx_word' id='word_1_180' title='bbox 273 1584 368 1626; x_wconf 86' lang='lat' dir='ltr'><strong>dem</strong></span> <span class='ocrx_word' id='word_1_181' title='bbox 388 1597 513 1639; x_wconf 83' lang='lat' dir='ltr'><strong>aegre</strong></span> <span class='ocrx_word' id='word_1_182' title='bbox 535 1580 693 1623; x_wconf 84' lang='lat' dir='ltr'><strong>ferrent</strong></span> <span class='ocrx_word' id='word_1_183' title='bbox 708 1584 720 1606; x_wconf 84' lang='lat'><strong>¹</strong></span> <span class='ocrx_word' id='word_1_184' title='bbox 735 1582 751 1605; x_wconf 83' lang='lat'>⁹</span> <span class='ocrx_word' id='word_1_185' title='bbox 763 1584 778 1606; x_wconf 92' lang='lat'><em>⁷</em></span> <span class='ocrx_word' id='word_1_186' title='bbox 788 1580 827 1636; x_wconf 84' lang='grc'><strong>).</strong></span> <span class='ocrx_word' id='word_1_187' title='bbox 868 1577 1082 1621; x_wconf 84' lang='lat' dir='ltr'><strong>Mindarus</strong></span> <span class='ocrx_word' id='word_1_188' title='bbox 1098 1577 1283 1635; x_wconf 83' lang='lat' dir='ltr'><strong>demum,</strong></span> <span class='ocrx_word' id='word_1_189' title='bbox 1313 1580 1506 1624; x_wconf 85' lang='lat' dir='ltr'><strong>audacior</strong></span> <span class='ocrx_word' id='word_1_190' title='bbox 1521 1595 1641 1637; x_wconf 84' lang='lat' dir='ltr'><strong>quam</strong></span> <span class='ocrx_word' id='word_1_191' title='bbox 1659 1582 1729 1639; x_wconf 91' lang='lat' dir='ltr'><strong>qui</strong></span> 
     </span>
    </p>
   </div>
   <div class='ocr_carea' id='block_1_9' title="bbox 271 1653 547 1663">
    <p class='ocr_par' dir='ltr' id='par_1_9' title="bbox 271 1653 547 1663">
     <span class='ocr_line' id='line_1_23' title="bbox 271 1653 547 1663; baseline 0 1256"><span class='ocrx_word' id='word_1_192' title='bbox 271 1653 547 1663; x_wconf 95' lang='lat' dir='ltr'><strong> </strong></span> 
     </span>
    </p>
   </div>
   <div class='ocr_carea' id='block_1_10' title="bbox 268 1684 1728 2773">
    <p class='ocr_par' dir='ltr' id='par_1_10' title="bbox 268 1684 1728 2773">
     <span class='ocr_line' id='line_1_24' title="bbox 273 1684 1728 1737; baseline -0.001 -11"><span class='ocrx_word' id='word_1_193' title='bbox 273 1694 405 1735; x_wconf 64' lang='grc' dir='ltr'><strong>εἰπεῖν,</strong></span> <span class='ocrx_word' id='word_1_194' title='bbox 430 1689 602 1725; x_wconf 57' lang='lat' dir='ltr'><strong>Actaeam</strong></span> <span class='ocrx_word' id='word_1_195' title='bbox 619 1685 736 1724; x_wconf 71' lang='grc' dir='ltr'>ιόνιοι</span> <span class='ocrx_word' id='word_1_196' title='bbox 758 1686 835 1723; x_wconf 84' lang='grc' dir='ltr'><em>κατ’</em></span> <span class='ocrx_word' id='word_1_197' title='bbox 857 1688 1024 1727; x_wconf 75' lang='grc' dir='ltr'><strong><em>ἐκείνους</em></strong></span> <span class='ocrx_word' id='word_1_198' title='bbox 1041 1686 1126 1728; x_wconf 82' lang='grc' dir='ltr'><em>τοὺς</em></span> <span class='ocrx_word' id='word_1_199' title='bbox 1138 1684 1315 1737; x_wconf 76' lang='grc' dir='ltr'><strong><em>χρόνους.</em></strong></span> <span class='ocrx_word' id='word_1_200' title='bbox 1344 1709 1386 1717; x_wconf 89' lang='grc'>-</span> <span class='ocrx_word' id='word_1_201' title='bbox 1413 1689 1468 1725; x_wconf 86' lang='lat' dir='ltr'><strong>Ex</strong></span> <span class='ocrx_word' id='word_1_202' title='bbox 1488 1688 1604 1725; x_wconf 76' lang='lat' dir='ltr'><strong>fausta</strong></span> <span class='ocrx_word' id='word_1_203' title='bbox 1624 1692 1728 1737; x_wconf 77' lang='lat' dir='ltr'><strong>expe-</strong></span> 
     </span>
     <span class='ocr_line' id='line_1_25' title="bbox 273 1734 1725 1784; baseline -0.003 -10"><span class='ocrx_word' id='word_1_204' title='bbox 273 1736 414 1777; x_wconf 87' lang='lat' dir='ltr'><strong>ditione</strong></span> <span class='ocrx_word' id='word_1_205' title='bbox 438 1743 572 1772; x_wconf 75' lang='lat' dir='ltr'><strong>contra</strong></span> <span class='ocrx_word' id='word_1_206' title='bbox 628 1734 789 1783; x_wconf 77' lang='lat' dir='ltr'><strong>lynlhios</strong></span> <span class='ocrx_word' id='word_1_207' title='bbox 808 1734 916 1770; x_wconf 77' lang='lat' dir='ltr'><strong>valde</strong></span> <span class='ocrx_word' id='word_1_208' title='bbox 937 1741 1017 1770; x_wconf 78' lang='lat' dir='ltr'><strong>erat</strong></span> <span class='ocrx_word' id='word_1_209' title='bbox 1036 1741 1158 1771; x_wconf 79' lang='lat' dir='ltr'><strong>aucta.</strong></span> <span class='ocrx_word' id='word_1_210' title='bbox 1185 1735 1445 1781; x_wconf 79' lang='lat' dir='ltr'><strong>Waehsmuth,</strong></span> <span class='ocrx_word' id='word_1_211' title='bbox 1460 1736 1566 1784; x_wconf 85' lang='lat' dir='ltr'><strong>l.l.p.</strong></span> <span class='ocrx_word' id='word_1_212' title='bbox 1579 1738 1725 1783; x_wconf 82' lang='lat' dir='ltr'><strong>241.sq.</strong></span> 
     </span>
     <span class='ocr_line' id='line_1_26' title="bbox 321 1782 1727 1828; baseline -0.001 -10"><span class='ocrx_word' id='word_1_213' title='bbox 321 1786 407 1827; x_wconf 82' lang='grc'><strong>191)</strong></span> <span class='ocrx_word' id='word_1_214' title='bbox 432 1784 496 1819; x_wconf 80' lang='lat' dir='ltr'><strong>Fr.</strong></span> <span class='ocrx_word' id='word_1_215' title='bbox 517 1784 730 1826; x_wconf 79' lang='lat' dir='ltr'><strong>Hermann,</strong></span> <span class='ocrx_word' id='word_1_216' title='bbox 758 1783 783 1818; x_wconf 91' lang='lat' dir='ltr'><strong>l.</strong></span> <span class='ocrx_word' id='word_1_217' title='bbox 802 1782 827 1816; x_wconf 84' lang='lat'><strong>1.</strong></span> <span class='ocrx_word' id='word_1_218' title='bbox 850 1785 884 1822; x_wconf 88' lang='lat'><strong>§·</strong></span> <span class='ocrx_word' id='word_1_219' title='bbox 905 1783 986 1816; x_wconf 88' lang='lat'><strong>170.</strong></span> <span class='ocrx_word' id='word_1_220' title='bbox 1009 1783 1044 1817; x_wconf 84' lang='grc'><strong>8.</strong></span> <span class='ocrx_word' id='word_1_221' title='bbox 1064 1782 1100 1816; x_wconf 86' lang='grc'><strong>9.</strong></span> <span class='ocrx_word' id='word_1_222' title='bbox 1127 1782 1368 1828; x_wconf 80' lang='lat' dir='ltr'><strong>Byzantium,</strong></span> <span class='ocrx_word' id='word_1_223' title='bbox 1397 1783 1532 1827; x_wconf 82' lang='lat' dir='ltr'><strong>Chius,</strong></span> <span class='ocrx_word' id='word_1_224' title='bbox 1559 1782 1727 1828; x_wconf 79' lang='lat' dir='ltr'><strong>Rhodus,</strong></span> 
     </span>
     <span class='ocr_line' id='line_1_27' title="bbox 272 1830 1269 1870; baseline -0.004 -3"><span class='ocrx_word' id='word_1_225' title='bbox 272 1833 346 1870; x_wconf 86' lang='lat' dir='ltr'><strong>Mit</strong></span> <span class='ocrx_word' id='word_1_226' title='bbox 375 1832 458 1867; x_wconf 84' lang='lat' dir='ltr'><strong>lene</strong></span> <span class='ocrx_word' id='word_1_227' title='bbox 477 1836 513 1865; x_wconf 77' lang='lat' dir='ltr'><strong>et</strong></span> <span class='ocrx_word' id='word_1_228' title='bbox 532 1830 579 1865; x_wconf 78' lang='lat' dir='ltr'><strong>al.</strong></span> <span class='ocrx_word' id='word_1_229' title='bbox 1267 1851 1269 1853; x_wconf 97' lang='lat'>-</span> 
     </span>
     <span class='ocr_line' id='line_1_28' title="bbox 319 1845 1724 1922; baseline 0 -10"><span class='ocrx_word' id='word_1_230' title='bbox 319 1845 405 1922; x_wconf 52' lang='lat'>132)</span> <span class='ocrx_word' id='word_1_231' title='bbox 430 1876 544 1913; x_wconf 91' lang='lat' dir='ltr'><strong>Diod.</strong></span> <span class='ocrx_word' id='word_1_232' title='bbox 572 1877 649 1912; x_wconf 87' lang='lat' dir='ltr'><strong>XV.</strong></span> <span class='ocrx_word' id='word_1_233' title='bbox 672 1875 731 1911; x_wconf 74' lang='lat'><strong>34.</strong></span> <span class='ocrx_word' id='word_1_234' title='bbox 747 1874 807 1909; x_wconf 84' lang='lat'><strong>35.</strong></span> <span class='ocrx_word' id='word_1_235' title='bbox 833 1874 932 1909; x_wconf 90' lang='lat' dir='ltr'><strong>Xen.</strong></span> <span class='ocrx_word' id='word_1_236' title='bbox 945 1874 1086 1909; x_wconf 86' lang='lat' dir='ltr'><strong>Hellen.</strong></span> <span class='ocrx_word' id='word_1_237' title='bbox 1099 1874 1143 1908; x_wconf 83' lang='lat' dir='ltr'><strong>V.</strong></span> <span class='ocrx_word' id='word_1_238' title='bbox 1154 1872 1190 1909; x_wconf 81' lang='grc'><strong>4.</strong></span> <span class='ocrx_word' id='word_1_239' title='bbox 1204 1872 1336 1909; x_wconf 79' lang='lat'><strong>60.61.</strong></span> <span class='ocrx_word' id='word_1_240' title='bbox 1362 1875 1424 1910; x_wconf 77' lang='lat' dir='ltr'><strong>Fr.</strong></span> <span class='ocrx_word' id='word_1_241' title='bbox 1434 1875 1637 1920; x_wconf 79' lang='lat' dir='ltr'><strong>Hermann,</strong></span> <span class='ocrx_word' id='word_1_242' title='bbox 1651 1875 1676 1912; x_wconf 89' lang='lat' dir='ltr'><strong>l.</strong></span> <span class='ocrx_word' id='word_1_243' title='bbox 1690 1888 1724 1914; x_wconf 78' lang='lat' dir='ltr'><strong>c.</strong></span> 
     </span>
     <span class='ocr_line' id='line_1_29' title="bbox 320 1920 1725 1968; baseline -0.001 -9"><span class='ocrx_word' id='word_1_244' title='bbox 320 1927 405 1966; x_wconf 79' lang='grc'><strong>193)</strong></span> <span class='ocrx_word' id='word_1_245' title='bbox 432 1924 630 1959; x_wconf 83' lang='lat' dir='ltr'><strong>Nicolochi</strong></span> <span class='ocrx_word' id='word_1_246' title='bbox 649 1921 838 1968; x_wconf 85' lang='lat' dir='ltr'><strong>expeditio</strong></span> <span class='ocrx_word' id='word_1_247' title='bbox 865 1928 900 1955; x_wconf 85' lang='lat' dir='ltr'><strong>et</strong></span> <span class='ocrx_word' id='word_1_248' title='bbox 932 1920 1061 1956; x_wconf 82' lang='lat' dir='ltr'><strong>infelix</strong></span> <span class='ocrx_word' id='word_1_249' title='bbox 1081 1932 1206 1968; x_wconf 82' lang='lat' dir='ltr'><strong>pugna</strong></span> <span class='ocrx_word' id='word_1_250' title='bbox 1225 1928 1359 1957; x_wconf 77' lang='lat' dir='ltr'><strong>contra</strong></span> <span class='ocrx_word' id='word_1_251' title='bbox 1376 1922 1610 1957; x_wconf 85' lang='lat' dir='ltr'><strong>Timotheum</strong></span> <span class='ocrx_word' id='word_1_252' title='bbox 1630 1923 1725 1957; x_wconf 86' lang='lat' dir='ltr'><strong>Xen.</strong></span> 
     </span>
     <span class='ocr_line' id='line_1_30' title="bbox 271 1966 1725 2017; baseline -0.003 -9"><span class='ocrx_word' id='word_1_253' title='bbox 271 1973 414 2008; x_wconf 78' lang='lat' dir='ltr'><strong>Hellen.</strong></span> <span class='ocrx_word' id='word_1_254' title='bbox 439 1971 480 2005; x_wconf 86' lang='lat' dir='ltr'><strong>V.</strong></span> <span class='ocrx_word' id='word_1_255' title='bbox 504 1971 538 2004; x_wconf 90' lang='grc'><strong>4.</strong></span> <span class='ocrx_word' id='word_1_256' title='bbox 556 1970 615 2004; x_wconf 73' lang='lat'><strong>6¹2.</strong></span> <span class='ocrx_word' id='word_1_257' title='bbox 632 1978 710 2017; x_wconf 83' lang='lat' dir='ltr'><strong>sqq.</strong></span> <span class='ocrx_word' id='word_1_258' title='bbox 736 1967 849 2003; x_wconf 87' lang='lat' dir='ltr'><strong>Diod.</strong></span> <span class='ocrx_word' id='word_1_259' title='bbox 871 1968 951 2002; x_wconf 87' lang='lat' dir='ltr'><strong>XV.</strong></span> <span class='ocrx_word' id='word_1_260' title='bbox 972 1966 1030 2002; x_wconf 83' lang='grc'><strong>36.</strong></span> <span class='ocrx_word' id='word_1_261' title='bbox 1058 1967 1281 2015; x_wconf 72' lang='grc' dir='ltr'><strong>Οοηι.,Νορ.</strong></span> <span class='ocrx_word' id='word_1_262' title='bbox 1301 1967 1462 2004; x_wconf 81' lang='lat' dir='ltr'><strong>Timoth.</strong></span> <span class='ocrx_word' id='word_1_263' title='bbox 1482 1980 1515 2006; x_wconf 88' lang='lat' dir='ltr'><strong>c.</strong></span> <span class='ocrx_word' id='word_1_264' title='bbox 1528 1970 1563 2003; x_wconf 84' lang='lat'><strong>2.</strong></span> <span class='ocrx_word' id='word_1_265' title='bbox 1587 1967 1725 2004; x_wconf 77' lang='lat' dir='ltr'><strong>Classis</strong></span> 
     </span>
     <span class='ocr_line' id='line_1_31' title="bbox 270 2013 1725 2065; baseline -0.001 -12"><span class='ocrx_word' id='word_1_266' title='bbox 270 2021 340 2056; x_wconf 84' lang='lat' dir='ltr'><strong>LX</strong></span> <span class='ocrx_word' id='word_1_267' title='bbox 372 2016 544 2060; x_wconf 80' lang='lat' dir='ltr'><strong>navium,</strong></span> <span class='ocrx_word' id='word_1_268' title='bbox 587 2028 697 2065; x_wconf 79' lang='lat' dir='ltr'><strong>quam</strong></span> <span class='ocrx_word' id='word_1_269' title='bbox 737 2013 1026 2050; x_wconf 75' lang='lat' dir='ltr'><strong>Lacedaemonii</strong></span> <span class='ocrx_word' id='word_1_270' title='bbox 1062 2026 1268 2063; x_wconf 75' lang='lat' dir='ltr'><strong>eorumque</strong></span> <span class='ocrx_word' id='word_1_271' title='bbox 1294 2014 1386 2051; x_wconf 84' lang='lat' dir='ltr'><strong>socii</strong></span> <span class='ocrx_word' id='word_1_272' title='bbox 1409 2014 1610 2063; x_wconf 77' lang='lat' dir='ltr'><strong>Mnasippo</strong></span> <span class='ocrx_word' id='word_1_273' title='bbox 1630 2014 1725 2052; x_wconf 86' lang='lat' dir='ltr'><strong>duce</strong></span> 
     </span>
     <span class='ocr_line' id='line_1_32' title="bbox 270 2061 1726 2112; baseline -0.004 -8"><span class='ocrx_word' id='word_1_274' title='bbox 270 2067 450 2104; x_wconf 81' lang='lat' dir='ltr'><strong>adversus</strong></span> <span class='ocrx_word' id='word_1_275' title='bbox 468 2063 704 2112; x_wconf 81' lang='lat' dir='ltr'><strong>Corcyraeos</strong></span> <span class='ocrx_word' id='word_1_276' title='bbox 731 2062 933 2106; x_wconf 80' lang='lat' dir='ltr'><strong>miserunt,</strong></span> <span class='ocrx_word' id='word_1_277' title='bbox 960 2061 1026 2097; x_wconf 88' lang='lat' dir='ltr'><strong>uhi</strong></span> <span class='ocrx_word' id='word_1_278' title='bbox 1051 2061 1156 2097; x_wconf 80' lang='lat' dir='ltr'><strong>ducis</strong></span> <span class='ocrx_word' id='word_1_279' title='bbox 1182 2061 1407 2110; x_wconf 75' lang='lat' dir='ltr'><strong>negligentia</strong></span> <span class='ocrx_word' id='word_1_280' title='bbox 1428 2063 1613 2110; x_wconf 80' lang='lat' dir='ltr'><strong>stultaque</strong></span> <span class='ocrx_word' id='word_1_281' title='bbox 1633 2075 1726 2099; x_wconf 78' lang='lat' dir='ltr'><strong>cru-</strong></span> 
     </span>
     <span class='ocr_line' id='line_1_33' title="bbox 269 2107 1722 2159; baseline -0.003 -9"><span class='ocrx_word' id='word_1_282' title='bbox 269 2114 416 2151; x_wconf 77' lang='lat' dir='ltr'><strong>delitate</strong></span> <span class='ocrx_word' id='word_1_283' title='bbox 436 2118 472 2147; x_wconf 83' lang='lat' dir='ltr'><strong>et</strong></span> <span class='ocrx_word' id='word_1_284' title='bbox 494 2111 574 2159; x_wconf 86' lang='lat' dir='ltr'><strong>ipse</strong></span> <span class='ocrx_word' id='word_1_285' title='bbox 599 2117 636 2146; x_wconf 72' lang='lat' dir='ltr'><strong>et</strong></span> <span class='ocrx_word' id='word_1_286' title='bbox 655 2110 815 2145; x_wconf 84' lang='lat' dir='ltr'><strong>militum</strong></span> <span class='ocrx_word' id='word_1_287' title='bbox 838 2120 974 2156; x_wconf 75' lang='lat' dir='ltr'><strong>magna</strong></span> <span class='ocrx_word' id='word_1_288' title='bbox 993 2108 1049 2144; x_wconf 78' lang='lat' dir='ltr'><strong>vis</strong></span> <span class='ocrx_word' id='word_1_289' title='bbox 1072 2107 1176 2144; x_wconf 71' lang='lat' dir='ltr'><strong>obiit.</strong></span> <span class='ocrx_word' id='word_1_290' title='bbox 1202 2110 1299 2145; x_wconf 84' lang='lat' dir='ltr'><strong>Xen.</strong></span> <span class='ocrx_word' id='word_1_291' title='bbox 1311 2110 1454 2145; x_wconf 86' lang='lat' dir='ltr'><strong>Hellen.</strong></span> <span class='ocrx_word' id='word_1_292' title='bbox 1471 2109 1529 2145; x_wconf 80' lang='lat' dir='ltr'><strong>vl.</strong></span> <span class='ocrx_word' id='word_1_293' title='bbox 1543 2115 1578 2146; x_wconf 76' lang='lat'><strong>2.</strong></span> <span class='ocrx_word' id='word_1_294' title='bbox 1595 2111 1630 2144; x_wconf 86' lang='lat'><strong>3.</strong></span> <span class='ocrx_word' id='word_1_295' title='bbox 1641 2122 1722 2158; x_wconf 75' lang='lat' dir='ltr'><strong>sqq.</strong></span> 
     </span>
     <span class='ocr_line' id='line_1_34' title="bbox 268 2158 580 2198; baseline -0.016 -1"><span class='ocrx_word' id='word_1_296' title='bbox 268 2161 383 2198; x_wconf 86' lang='lat' dir='ltr'><strong>Diod.</strong></span> <span class='ocrx_word' id='word_1_297' title='bbox 414 2159 494 2195; x_wconf 71' lang='lat' dir='ltr'><strong>XV.</strong></span> <span class='ocrx_word' id='word_1_298' title='bbox 520 2158 580 2193; x_wconf 85' lang='lat'><strong>47.</strong></span> 
     </span>
     <span class='ocr_line' id='line_1_35' title="bbox 318 2200 1723 2252; baseline -0.002 -11"><span class='ocrx_word' id='word_1_299' title='bbox 318 2210 401 2249; x_wconf 76' lang='lat'>194)</span> <span class='ocrx_word' id='word_1_300' title='bbox 429 2207 527 2241; x_wconf 87' lang='lat' dir='ltr'><strong>Xen.</strong></span> <span class='ocrx_word' id='word_1_301' title='bbox 550 2204 689 2241; x_wconf 81' lang='lat' dir='ltr'><strong>Hellen.</strong></span> <span class='ocrx_word' id='word_1_302' title='bbox 711 2200 772 2238; x_wconf 82' lang='lat' dir='ltr'><strong>v-l.</strong></span> <span class='ocrx_word' id='word_1_303' title='bbox 797 2204 832 2237; x_wconf 83' lang='lat'><strong>3.</strong></span> <span class='ocrx_word' id='word_1_304' title='bbox 851 2203 911 2237; x_wconf 78' lang='lat'><strong>33.</strong></span> <span class='ocrx_word' id='word_1_305' title='bbox 935 2213 1014 2251; x_wconf 80' lang='lat' dir='ltr'><strong>sqq.</strong></span> <span class='ocrx_word' id='word_1_306' title='bbox 1039 2209 1078 2238; x_wconf 79' lang='lat' dir='ltr'><strong>et</strong></span> <span class='ocrx_word' id='word_1_307' title='bbox 1097 2203 1214 2239; x_wconf 81' lang='lat' dir='ltr'><strong>Diod.</strong></span> <span class='ocrx_word' id='word_1_308' title='bbox 1243 2204 1324 2239; x_wconf 77' lang='lat' dir='ltr'><strong>XV.</strong></span> <span class='ocrx_word' id='word_1_309' title='bbox 1349 2204 1408 2239; x_wconf 83' lang='lat'><strong>47.</strong></span> <span class='ocrx_word' id='word_1_310' title='bbox 1457 2203 1593 2252; x_wconf 82' lang='lat' dir='ltr'><strong>quibus</strong></span> <span class='ocrx_word' id='word_1_311' title='bbox 1618 2203 1723 2250; x_wconf 53' lang='lat' dir='ltr'><strong>Iphi-</strong></span> 
     </span>
     <span class='ocr_line' id='line_1_36' title="bbox 271 2230 1721 2302; baseline -0.006 -9"><span class='ocrx_word' id='word_1_312' title='bbox 271 2263 393 2293; x_wconf 76' lang='lat' dir='ltr'><strong>crates</strong></span> <span class='ocrx_word' id='word_1_313' title='bbox 416 2252 556 2302; x_wconf 80' lang='lat' dir='ltr'><strong>potitus</strong></span> <span class='ocrx_word' id='word_1_314' title='bbox 578 2258 643 2287; x_wconf 86' lang='lat' dir='ltr'><strong>est.</strong></span> <span class='ocrx_word' id='word_1_315' title='bbox 670 2250 724 2286; x_wconf 92' lang='lat' dir='ltr'><strong>ib.</strong></span> <span class='ocrx_word' id='word_1_316' title='bbox 748 2248 825 2285; x_wconf 80' lang='lat' dir='ltr'><strong>vn.</strong></span> <span class='ocrx_word' id='word_1_317' title='bbox 846 2253 877 2285; x_wconf 85' lang='lat'><strong>1.</strong></span> <span class='ocrx_word' id='word_1_318' title='bbox 898 2251 955 2285; x_wconf 76' lang='lat'><strong>20.</strong></span> <span class='ocrx_word' id='word_1_319' title='bbox 983 2256 1019 2285; x_wconf 89' lang='lat' dir='ltr'><strong>et</strong></span> <span class='ocrx_word' id='word_1_320' title='bbox 1037 2250 1072 2285; x_wconf 82' lang='lat'><strong>4.</strong></span> <span class='ocrx_word' id='word_1_321' title='bbox 1093 2252 1150 2285; x_wconf 86' lang='lat'><strong>12.</strong></span> <span class='ocrx_word' id='word_1_322' title='bbox 1177 2249 1223 2286; x_wconf 83' lang='lat' dir='ltr'><strong>cf.</strong></span> <span class='ocrx_word' id='word_1_323' title='bbox 1237 2249 1381 2296; x_wconf 84' lang='lat' dir='ltr'><strong>Manso,</strong></span> <span class='ocrx_word' id='word_1_324' title='bbox 1400 2230 1465 2286; x_wconf 75' lang='lat' dir='ltr'><strong>Iil.</strong></span> <span class='ocrx_word' id='word_1_325' title='bbox 1487 2264 1525 2299; x_wconf 88' lang='lat' dir='ltr'><strong>p.</strong></span> <span class='ocrx_word' id='word_1_326' title='bbox 1541 2251 1620 2285; x_wconf 80' lang='lat'><strong>184.</strong></span> <span class='ocrx_word' id='word_1_327' title='bbox 1644 2258 1721 2287; x_wconf 81' lang='lat' dir='ltr'><strong>not.</strong></span> 
     </span>
     <span class='ocr_line' id='line_1_37' title="bbox 318 2296 1723 2348; baseline -0.001 -12"><span class='ocrx_word' id='word_1_328' title='bbox 318 2304 404 2347; x_wconf 79' lang='lat'>193)</span> <span class='ocrx_word' id='word_1_329' title='bbox 430 2300 475 2336; x_wconf 87' lang='lat' dir='ltr'><strong>In</strong></span> <span class='ocrx_word' id='word_1_330' title='bbox 494 2307 604 2348; x_wconf 80' lang='lat' dir='ltr'><strong>pace,</strong></span> <span class='ocrx_word' id='word_1_331' title='bbox 632 2309 728 2347; x_wconf 82' lang='lat' dir='ltr'><strong>quae</strong></span> <span class='ocrx_word' id='word_1_332' title='bbox 748 2297 1076 2343; x_wconf 73' lang='lat' dir='ltr'><strong>vocatur-Calliae,</strong></span> <span class='ocrx_word' id='word_1_333' title='bbox 1104 2296 1133 2332; x_wconf 76' lang='lat' dir='ltr'><strong>si</strong></span> <span class='ocrx_word' id='word_1_334' title='bbox 1144 2296 1257 2332; x_wconf 87' lang='lat' dir='ltr'><strong>Diod.</strong></span> <span class='ocrx_word' id='word_1_335' title='bbox 1270 2298 1349 2334; x_wconf 86' lang='lat' dir='ltr'><strong>XV.</strong></span> <span class='ocrx_word' id='word_1_336' title='bbox 1362 2299 1409 2332; x_wconf 74' lang='lat'><strong>38</strong></span> <span class='ocrx_word' id='word_1_337' title='bbox 1429 2296 1536 2333; x_wconf 87' lang='lat' dir='ltr'><strong>fidem</strong></span> <span class='ocrx_word' id='word_1_338' title='bbox 1548 2297 1723 2334; x_wconf 85' lang='lat' dir='ltr'><strong>debemus</strong></span> 
     </span>
     <span class='ocr_line' id='line_1_38' title="bbox 271 2343 1723 2394; baseline -0.003 -8"><span class='ocrx_word' id='word_1_339' title='bbox 271 2350 459 2386; x_wconf 75' lang='lat' dir='ltr'><strong>tribuere:</strong></span> <span class='ocrx_word' id='word_1_340' title='bbox 485 2343 791 2394; x_wconf 70' lang='grc' dir='ltr'><em>Λακεδαιμόνιοι</em></span> <span class='ocrx_word' id='word_1_341' title='bbox 811 2343 885 2392; x_wconf 74' lang='grc' dir='ltr'><strong>γὰρ</strong></span> <span class='ocrx_word' id='word_1_342' title='bbox 904 2348 971 2380; x_wconf 70' lang='grc' dir='ltr'><strong>καὶ</strong></span> <span class='ocrx_word' id='word_1_343' title='bbox 987 2344 1183 2390; x_wconf 76' lang='grc' dir='ltr'><strong>Ἀθηναῖοι</strong></span> <span class='ocrx_word' id='word_1_344' title='bbox 1211 2343 1276 2380; x_wconf 72' lang='grc' dir='ltr'><strong>διὰ</strong></span> <span class='ocrx_word' id='word_1_345' title='bbox 1302 2345 1444 2385; x_wconf 78' lang='grc' dir='ltr'><em>παντὸς</em></span> <span class='ocrx_word' id='word_1_346' title='bbox 1470 2348 1558 2390; x_wconf 83' lang='grc' dir='ltr'><em>περὶ</em></span> <span class='ocrx_word' id='word_1_347' title='bbox 1579 2343 1723 2391; x_wconf 81' lang='grc' dir='ltr'><em>ἡγεμο-</em></span> 
     </span>
     <span class='ocr_line' id='line_1_39' title="bbox 269 2390 1723 2444; baseline -0.005 -11"><span class='ocrx_word' id='word_1_348' title='bbox 269 2403 352 2438; x_wconf 82' lang='grc' dir='ltr'><em>νίας</em></span> <span class='ocrx_word' id='word_1_349' title='bbox 369 2392 768 2444; x_wconf 77' lang='grc' dir='ltr'><strong>ὃιαφιλοτιμοὺμενοι,</strong></span> <span class='ocrx_word' id='word_1_350' title='bbox 795 2390 1046 2442; x_wconf 73' lang='grc' dir='ltr'><em>παρεχώρουν</em></span> <span class='ocrx_word' id='word_1_351' title='bbox 1068 2390 1242 2439; x_wconf 68' lang='grc' dir='ltr'><strong><em>ἀλλήλοις</em></strong></span> <span class='ocrx_word' id='word_1_352' title='bbox 1260 2394 1297 2428; x_wconf 80' lang='grc' dir='ltr'><strong>οἱ</strong></span> <span class='ocrx_word' id='word_1_353' title='bbox 1312 2394 1387 2441; x_wconf 77' lang='grc' dir='ltr'><strong>μὲν</strong></span> <span class='ocrx_word' id='word_1_354' title='bbox 1404 2390 1499 2432; x_wconf 79' lang='grc' dir='ltr'><strong>κατὰ</strong></span> <span class='ocrx_word' id='word_1_355' title='bbox 1517 2393 1601 2439; x_wconf 77' lang='grc' dir='ltr'><strong>γῆν,</strong></span> <span class='ocrx_word' id='word_1_356' title='bbox 1627 2395 1664 2428; x_wconf 78' lang='grc' dir='ltr'><strong>οἱ</strong></span> <span class='ocrx_word' id='word_1_357' title='bbox 1677 2394 1723 2430; x_wconf 75' lang='grc' dir='ltr'><strong>δὲ</strong></span> 
     </span>
     <span class='ocr_line' id='line_1_40' title="bbox 270 2437 1721 2491; baseline -0.004 -11"><span class='ocrx_word' id='word_1_358' title='bbox 270 2449 331 2491; x_wconf 81' lang='grc' dir='ltr'><strong>τῆς</strong></span> <span class='ocrx_word' id='word_1_359' title='bbox 351 2443 446 2481; x_wconf 77' lang='grc' dir='ltr'><strong>κατὰ</strong></span> <span class='ocrx_word' id='word_1_360' title='bbox 469 2440 665 2479; x_wconf 75' lang='grc' dir='ltr'><strong>θάλατταν</strong></span> <span class='ocrx_word' id='word_1_361' title='bbox 683 2441 801 2489; x_wconf 77' lang='grc' dir='ltr'><em>ἀρχῆς</em></span> <span class='ocrx_word' id='word_1_362' title='bbox 819 2437 919 2481; x_wconf 70' lang='grc' dir='ltr'><strong><em>ἄξιοι</em></strong></span> <span class='ocrx_word' id='word_1_363' title='bbox 939 2438 1170 2489; x_wconf 73' lang='grc' dir='ltr'><strong><em>κρινόμενοι.</em></strong></span> <span class='ocrx_word' id='word_1_364' title='bbox 1195 2439 1246 2474; x_wconf 85' lang='lat' dir='ltr'><strong>cf.</strong></span> <span class='ocrx_word' id='word_1_365' title='bbox 1267 2443 1391 2486; x_wconf 51' lang='lat' dir='ltr'><strong>§rnen</strong></span> <span class='ocrx_word' id='word_1_366' title='bbox 1413 2440 1566 2483; x_wconf 67' lang='lat' dir='ltr'><strong>Manno,</strong></span> <span class='ocrx_word' id='word_1_367' title='bbox 1595 2437 1661 2475; x_wconf 84' lang='lat'><strong>111.</strong></span> <span class='ocrx_word' id='word_1_368' title='bbox 1687 2444 1721 2475; x_wconf 80' lang='lat'><strong>2.</strong></span> 
     </span>
     <span class='ocr_line' id='line_1_41' title="bbox 269 2485 1722 2539; baseline -0.004 -11"><span class='ocrx_word' id='word_1_369' title='bbox 269 2505 305 2539; x_wconf 83' lang='lat' dir='ltr'><strong>p.</strong></span> <span class='ocrx_word' id='word_1_370' title='bbox 320 2493 377 2527; x_wconf 85' lang='lat'><strong>54.</strong></span> <span class='ocrx_word' id='word_1_371' title='bbox 402 2504 417 2527; x_wconf 89' lang='lat' dir='ltr'><strong>s</strong></span> <span class='ocrx_word' id='word_1_372' title='bbox 471 2517 478 2525; x_wconf 91' lang='lat'><strong>.</strong></span> <span class='ocrx_word' id='word_1_373' title='bbox 511 2487 749 2526; x_wconf 76' lang='lat' dir='ltr'><strong>Athenienses</strong></span> <span class='ocrx_word' id='word_1_374' title='bbox 768 2488 840 2524; x_wconf 89' lang='lat' dir='ltr'><strong>hoc</strong></span> <span class='ocrx_word' id='word_1_375' title='bbox 859 2490 1032 2533; x_wconf 79' lang='lat' dir='ltr'><strong>tempore</strong></span> <span class='ocrx_word' id='word_1_376' title='bbox 1050 2485 1164 2522; x_wconf 76' lang='lat' dir='ltr'><strong>maris</strong></span> <span class='ocrx_word' id='word_1_377' title='bbox 1182 2485 1378 2532; x_wconf 74' lang='lat' dir='ltr'><strong>imperium</strong></span> <span class='ocrx_word' id='word_1_378' title='bbox 1398 2497 1530 2522; x_wconf 77' lang='lat' dir='ltr'><strong>revera</strong></span> <span class='ocrx_word' id='word_1_379' title='bbox 1550 2486 1722 2523; x_wconf 77' lang='lat' dir='ltr'><strong>habuisse</strong></span> 
     </span>
     <span class='ocr_line' id='line_1_42' title="bbox 270 2530 1723 2614; baseline -0.001 -40"><span class='ocrx_word' id='word_1_380' title='bbox 270 2551 290 2574; x_wconf 74' lang='lat' dir='ltr'><strong>a</strong></span> <span class='ocrx_word' id='word_1_381' title='bbox 317 2540 409 2574; x_wconf 89' lang='lat' dir='ltr'><strong>Xen.</strong></span> <span class='ocrx_word' id='word_1_382' title='bbox 470 2538 578 2573; x_wconf 84' lang='lat' dir='ltr'><strong>ellen.</strong></span> <span class='ocrx_word' id='word_1_383' title='bbox 608 2535 667 2571; x_wconf 82' lang='lat' dir='ltr'><strong>vl.</strong></span> <span class='ocrx_word' id='word_1_384' title='bbox 696 2537 730 2570; x_wconf 83' lang='grc'><strong>3.</strong></span> <span class='ocrx_word' id='word_1_385' title='bbox 757 2534 812 2570; x_wconf 83' lang='grc'><strong>14.</strong></span> <span class='ocrx_word' id='word_1_386' title='bbox 840 2534 1039 2570; x_wconf 88' lang='lat' dir='ltr'><strong>docemur:</strong></span> <span class='ocrx_word' id='word_1_387' title='bbox 1075 2532 1170 2570; x_wconf 80' lang='grc' dir='ltr'><strong><em>κατὰ</em></strong></span> <span class='ocrx_word' id='word_1_388' title='bbox 1198 2531 1392 2571; x_wconf 77' lang='grc' dir='ltr'><em>θάλαττάν</em></span> <span class='ocrx_word' id='word_1_389' title='bbox 1419 2545 1464 2614; x_wconf 59' lang='grc' dir='ltr'><strong>ἴε</strong></span> <span class='ocrx_word' id='word_1_390' title='bbox 1523 2531 1568 2579; x_wconf 84' lang='grc' dir='ltr'><strong>ὴν</strong></span> <span class='ocrx_word' id='word_1_391' title='bbox 1593 2539 1647 2576; x_wconf 83' lang='grc' dir='ltr'><strong>τίς</strong></span> <span class='ocrx_word' id='word_1_392' title='bbox 1670 2530 1723 2572; x_wconf 62' lang='lat' dir='ltr'><strong>tv</strong></span> 
     </span>
     <span class='ocr_line' id='line_1_43' title="bbox 1431 2581 1720 2618; baseline 0.014 -4"><span class='ocrx_word' id='word_1_393' title='bbox 1431 2591 1469 2614; x_wconf 84' lang='lat' dir='ltr'><strong>es</strong></span> <span class='ocrx_word' id='word_1_394' title='bbox 1507 2581 1720 2618; x_wconf 75' lang='lat' dir='ltr'><strong>theniensis.</strong></span> 
     </span>
     <span class='ocr_line' id='line_1_44' title="bbox 319 2620 1722 2676; baseline -0.001 -10"><span class='ocrx_word' id='word_1_395' title='bbox 319 2634 408 2674; x_wconf 70' lang='grc'><strong>196)</strong></span> <span class='ocrx_word' id='word_1_396' title='bbox 433 2633 539 2667; x_wconf 73' lang='lat' dir='ltr'><strong>Prius</strong></span> <span class='ocrx_word' id='word_1_397' title='bbox 567 2620 720 2667; x_wconf 71' lang='lat' dir='ltr'><strong>Isthmia</strong></span> <span class='ocrx_word' id='word_1_398' title='bbox 749 2629 1007 2672; x_wconf 78' lang='lat' dir='ltr'><strong>celebrabant,</strong></span> <span class='ocrx_word' id='word_1_399' title='bbox 1044 2628 1111 2664; x_wconf 91' lang='lat' dir='ltr'><strong>ubi</strong></span> <span class='ocrx_word' id='word_1_400' title='bbox 1146 2628 1385 2665; x_wconf 72' lang='lat' dir='ltr'><strong>Athenienses</strong></span> <span class='ocrx_word' id='word_1_401' title='bbox 1411 2626 1457 2663; x_wconf 84' lang='lat' dir='ltr'><strong>de</strong></span> <span class='ocrx_word' id='word_1_402' title='bbox 1488 2628 1722 2676; x_wconf 83' lang='lat' dir='ltr'><strong>expeditione</strong></span> 
     </span>
     <span class='ocr_line' id='line_1_45' title="bbox 268 2675 1654 2725; baseline -0.009 -7"><span class='ocrx_word' id='word_1_403' title='bbox 268 2680 449 2718; x_wconf 76' lang='lat' dir='ltr'><strong>certiores</strong></span> <span class='ocrx_word' id='word_1_404' title='bbox 474 2678 622 2714; x_wconf 79' lang='lat' dir='ltr'><strong>fiebant.</strong></span> <span class='ocrx_word' id='word_1_405' title='bbox 672 2676 843 2725; x_wconf 86' lang='lat' dir='ltr'><strong>Thucyd.</strong></span> <span class='ocrx_word' id='word_1_406' title='bbox 870 2675 965 2713; x_wconf 80' lang='lat' dir='ltr'><strong>vm.</strong></span> <span class='ocrx_word' id='word_1_407' title='bbox 991 2676 1026 2712; x_wconf 88' lang='grc'><strong>8.</strong></span> <span class='ocrx_word' id='word_1_408' title='bbox 1052 2676 1087 2711; x_wconf 87' lang='grc'><strong>9.</strong></span> <span class='ocrx_word' id='word_1_409' title='bbox 1649 2676 1654 2680; x_wconf 85' lang='grc'><strong>’</strong></span> 
     </span>
     <span class='ocr_line' id='line_1_46' title="bbox 318 2724 813 2773; baseline -0.008 -11"><span class='ocrx_word' id='word_1_410' title='bbox 318 2730 406 2769; x_wconf 79' lang='grc'><strong>197)</strong></span> <span class='ocrx_word' id='word_1_411' title='bbox 433 2725 603 2773; x_wconf 84' lang='lat' dir='ltr'><strong>Thucyd.</strong></span> <span class='ocrx_word' id='word_1_412' title='bbox 629 2724 728 2761; x_wconf 83' lang='lat' dir='ltr'><strong>vm.</strong></span> <span class='ocrx_word' id='word_1_413' title='bbox 755 2727 813 2759; x_wconf 70' lang='lat'><strong>76.</strong></span> 
     </span>
    </p>
   </div>
  </div>
 </body>
</html>
