1848 2919
808 125 1147 169 ...73...

249 233 408 265 mamus
426 228 442 250 ²
455 222 551 280 ⁴⁸);
582 223 679 266 dum
697 224 989 270 Callicratidas
1006 234 1144 270 coum
1164 231 1211 271 ut
1232 228 1395 287 effigies
1409 215 1700 291 antiquaevir-

247 288 345 333 tutis
381 305 434 333 ex
465 290 633 333 remotis
665 291 917 349 timporibus
948 293 1125 349 exsistit,
1161 295 1246 351 vir,
1287 297 1358 354 qui
1375 299 1629 356 prudentiam
1655 309 1698 344 et

245 358 468 413 ingenuum
494 356 673 399 animum
696 357 925 403 fortitudini
938 361 1048 418 ⁷²⁴⁹)
1070 361 1328 418 adjunxerat.
1425 392 1428 395 ᾗ
1467 379 1469 381 ’
1699 387 1705 391 ·
1735 415 1743 421 ‚

300 425 425 468 Bello
449 424 798 481 Peloponnesiaco
825 426 941 471 finito
976 429 1129 487 primus
1152 424 1302 489 In'bys‚
1333 431 1539 490 Lysandri
1569 434 1699 478 frater

244 492 470 535 navarchus
500 489 579 533 fuit
596 497 611 518 ²
625 492 724 549 ⁵⁰),
755 493 906 537 deinde
936 495 1097 538 Samius
1127 505 1169 540 et
1190 487 1472 556 Pythagoras,
1514 499 1586 555 qni
1608 504 1696 561 (ly-s

243 574 333 604 rum
372 557 546 602 navibus
587 557 632 601 in
672 559 934 618 exped‘nione
979 561 1228 620 adjuvabant
1255 569 1299 592 ²⁸
1314 565 1383 622 ¹);
1434 564 1499 609 his
1531 568 1698 612 Anaxi-v

286 676 378 717 248)
404 674 618 723 Descriptio
646 674 745 712 vitae
769 689 916 715 morum
971 689 991 714 e
1021 679 1116 715 tanti
1144 679 1217 715 viri
1236 686 1364 716 nostro
1386 680 1543 723 consilio
1566 675 1695 719 aliena

240 730 305 759 est.
354 723 454 757 Bene
478 722 523 757 de
544 733 588 757 eo
609 722 686 770 agit
704 721 907 760 Wachsmii
958 751 968 768 ‚
995 725 1019 760 l.
1041 727 1065 762 l.
1092 725 1121 762 1.
1142 728 1175 762 2.
1198 740 1234 776 p.
1255 727 1340 763 261.
1362 739 1439 777 sqq.
1467 748 1513 754 —-
1538 748 1583 758 —
1623 731 1698 783 ffit'

240 769 443 820 ffiemtityea'
470 771 521 806 bic
542 770 751 815 &pantanu
772 773 836 810 mit
852 773 910 810 ber
927 774 1000 811 &ec
1021 785 1057 820 5¹¹
1079 776 1301 822 btfreunbcn,
1330 777 1479 814 meucrer
1502 776 1570 814 unb
1595 776 1687 815 §Ber-

238 820 355 865 fiibrer
378 820 435 855 fur
455 818 518 854 bas
541 817 644 863 §8010
666 818 729 869 bas
743 821 880 864 fidyibm
896 829 1079 867 tvertruute,
1100 825 1133 868 5⁰
1147 825 1248 869 tange
1258 825 1410 867 ceseinct
1420 825 1685 872 beburftcf'cet.

237 869 393 909 Mauso,
419 862 481 899 ΙΙΙ.
503 866 538 904 2.
562 876 599 911 p-
621 865 794 902 44—49.
816 873 852 901 et
873 865 919 901 11.
941 880 978 914 p.
996 868 1066 901 371
1081 870 1195 903 -74.
1693 877 1698 881 ·

284 910 374 957 249)
402 911 448 947 cf.
501 937 509 946 .
530 911 589 946 63.
610 923 625 945 s
654 938 662 948 .
683 918 717 946 et
739 926 776 960 p.
803 914 921 960 73.·n.
945 914 1027 949 216.
1051 915 1149 952 Xen.
1176 912 1320 951 Hellen.
1346 914 1372 950 l.
1398 915 1434 950 6.
1461 918 1495 951 7.
1521 917 1556 956 8.
1583 919 1642 955 32.
1692 935 1696 940 ·

283 961 375 999 250)
401 958 442 997 ln
463 925 587 993 lffiraei
609 970 631 993 o
659 958 814 1004 sidione.
860 961 958 996 Xen.
978 961 1118 997 Hellen.
1143 962 1189 998 Il.
1213 963 1248 998 4.
1266 963 1326 997 28.
1371 962 1486 998 Diod.
1503 965 1602 1001 xlv.
1627 967 1682 1001 13.

234 1008 363 1056 ibique
387 1005 563 1052 Wesselg.
584 1011 620 1039 et
640 1005 697 1040 33.
724 1018 799 1054 quo
824 1013 980 1043 auctore
1005 1009 1076 1043 XL
1100 1021 1209 1045 naves
1235 1021 1359 1045 secum
1385 1008 1527 1048 habuit.

281 1056 370 1098 251)
397 1053 493 1088 Xen.
514 1052 629 1087 Anah.
653 1051 682 1089 Ι,
707 1054 741 1086 4.
763 1056 797 1087 2.
830 1057 894 1089 καὶ
918 1052 1032 1103 Κύρῳ
1060 1059 1237 1106 παρῆσαν
1264 1059 1303 1092 αἱ
1330 1059 1371 1093 ἐκ
1386 1056 1682 1107 Πελοποννήσου

234 1105 335 1148 νῆες,
354 1096 561 1148 ’τριάκοντα
580 1102 645 1135 καὶ
664 1103 775 1137 πέντε
795 1105 859 1137 καὶ
877 1101 933 1139 ἐπ’
957 1103 1087 1144 αὐταῖς
1102 1102 1291 1153 ναύαρχος
1299 1108 1415 1140 Πυθα
1444 1103 1535 1152 ὁρας
1549 1110 1693 1155 Λακε-,

232 1147 443 1198 δαιμόνιος.
468 1146 580 1183 ÷Cum
605 1147 662 1182 his
689 1159 859 1197 pugnare
879 1148 1028 1186 videtur
1048 1151 1149 1199 quod
1172 1152 1212 1188 in
1233 1152 1406 1198 Hellen.1
1428 1152 1455 1188 1.
1474 1156 1506 1188 1.
1531 1157 1562 1192 t.
1587 1166 1682 1191 nar-

231 1204 358 1233 ratur:
387 1198 424 1232 οἱ
442 1196 578 1243 ἔφοροι
602 1215 650 1221 ——
673 1199 810 1242 Σαμίῳ
838 1199 889 1243 τῷ
920 1195 1002 1235 τότε
1028 1197 1206 1250 ναυάρχῳ
1235 1202 1454 1237 ἐπέστειλαν
1483 1200 1690 1252 ὑπηρετεῖν

230 1243 344 1295 Κύρῳ
372 1245 408 1280 εἴ
433 1257 467 1279 τι
491 1244 613 1279 δέοιτο
642 1243 816 1285 κάκεῖνος
838 1248 969 1292 μέντοι
989 1245 1199 1296 προθύμως
1215 1241 1333 1296 οὗπερ
1359 1246 1497 1294 ἐδεήθη
1519 1248 1538 1286 ὁ
1556 1253 1682 1300 Κῦρος

230 1296 405 1341 ἔπραξεν·
425 1293 524 1338 ἔχων
542 1290 615 1338 γὰρ
637 1291 677 1327 τὸ
699 1293 833 1328 ἑαυτοῦ
850 1292 1027 1330 ναυτικὸν
1046 1293 1117 1330 σὺν
1135 1298 1185 1341 τῷ
1203 1293 1333 1343 Κύρου
1355 1298 1624 1343 περιέπλευσεν
1644 1300 1688 1346 ἐς,

158 1348 162 1351 ”
227 1344 415 1382 Κιλικίαν,
442 1342 505 1373 καὶ
528 1340 681 1386 ἐποίησε
703 1338 768 1374 τὸν
788 1342 850 1384 τῆς
868 1342 1038 1380 Κιλικίας
1057 1339 1220 1390 ἄρχοντα
1238 1345 1444 1379 Συέννεσιν
1461 1342 1516 1391 μὴ
1535 1341 1680 1380 δύνασ-

228 1393 293 1423 :lm
319 1385 413 1423 κατὰ
434 1387 507 1432 γῆν
534 1387 800 1421 ἐναντιοῦσθαι
821 1384 1210 1472 Κύρᾶἒῑορευομένῳ
1239 1392 1302 1426 ἐπὶ
1331 1391 1497 1434 βασιλέα.
1546 1390 1689 1426 Morus·

228 1436 409 1479 (Examen
431 1432 516 1468 hist.
538 1443 596 1477 gr.
618 1443 758 1483 praem.
782 1444 818 1478 p.
838 1434 875 1467 X
957 1431 1017 1469 VI.
1043 1436 1100 1480 (p.
1121 1435 1188 1469 ix.
1211 1435 1314 1481 apud
1337 1435 1484 1471 Weiske
1503 1437 1676 1485 Xenoph.

227 1480 357 1527 script.
376 1486 402 1514 t.
422 1475 505 1520 ΙΙΙ.)
534 1477 850 1523 adstipulantibus.
865 1477 1011 1514 Zeunio
1046 1479 1110 1523 (ad
1128 1481 1245 1517 Anah.
1268 1482 1292 1516 l.
1316 1482 1356 1525 l.)
1387 1488 1422 1518 et
1445 1483 1677 1520 Schneidero

226 1528 290 1570 (ad
305 1527 444 1563 Hellen.
460 1525 483 1560 l.
500 1525 540 1567 l.)
567 1524 668 1560 hunc
686 1523 889 1559 dissensum
909 1525 961 1561 ita
983 1526 1116 1561 tollere
1137 1527 1278 1572 studet,
1305 1535 1348 1563 ut
1367 1535 1485 1575 putet,
1512 1529 1687 1565 Samium>

222 1578 294 1621 jam
314 1581 413 1618 tum,
440 1584 528 1607 cum
549 1570 735 1618 expeditio
756 1571 847 1619 Cyri
869 1579 1039 1619 suscepta
1061 1573 1126 1617 sit,
1150 1573 1189 1608 in
1205 1575 1288 1610 Asia
1311 1574 1441 1621 fuisse,
1468 1582 1504 1611 et
1518 1576 1682 1624 Sparta·-

223 1633 291 1657 nos
315 1620 348 1656 ei
374 1618 584 1663 mandasse,
611 1624 653 1653 ut
674 1618 817 1666 Cyrum
835 1618 967 1666 quovis
989 1619 1100 1656 modo
1120 1621 1328 1666 adjuvaret,
1357 1628 1471 1670 utque
1496 1623 1569 1659 hoc
1593 1634 1675 1659 me-

224 1669 294 1704 lius
314 1673 504 1715 praestare
517 1671 650 1713 posset,
677 1664 914 1700 summississe
928 1666 1128 1713 Spartanos
1175 1668 1314 1717 uinque
1333 1676 1367 1704 et
1385 1669 1535 1717 triginta
1548 1682 1673 1716 naves,

223 1716 358 1764 quibus
384 1714 608 1759 Pythagoras
629 1712 838 1759 praefectus
856 1712 989 1759 fuerit3
1015 1713 1118 1749 hunc
1165 1713 1272 1750 einde
1293 1720 1396 1751 suam
1415 1719 1565 1752 classem
1588 1730 1695 1754 cum:

223 1764 334 1798 classe
350 1754 464 1795 Samii
487 1757 740 1804 conjunxisse,
768 1764 832 1793 aut
852 1770 934 1794 suas
956 1770 1067 1794 naves
1091 1761 1216 1797 Samio
1234 1761 1449 1807 tradidisse,
1476 1763 1680 1813 ipsumque,

222 1819 414 1843 reversum
435 1817 526 1843 esse.
553 1805 626 1840 Sed
647 1805 744 1842 hanc
765 1804 950 1841 rationem
972 1807 1162 1855 Hrueger,
1190 1809 1236 1848 de
1257 1809 1448 1850 authentia
1468 1817 1504 1845 et
1521 1810 1671 1859 integri-

220 1863 295 1891 tate
315 1855 473 1889 Anabas.
500 1852 671 1899 Xenoph.
701 1865 738 1899 p.
763 1854 818 1886 13.
844 1853 1027 1899 repellere
1055 1854 1203 1888 studet:
1239 1854 1370 1898 „Nam
1397 1856 1590 1901 Anabasis,
1616 1857 1670 1892 in-

220 1902 300 1951 quit
315 1928 323 1940 ,
350 1901 396 1936 de
417 1912 461 1936 eo
481 1906 647 1946 tempore
668 1898 858 1946 loquitur,
885 1909 961 1945 quo
975 1898 1004 1933 C
1032 1910 1095 1934 rus
1113 1899 1178 1935 Issi
1193 1901 1425 1945 versabatur,
1451 1903 1564 1947 unde,
1586 1916 1671 1939 cum

220 1948 344 1985 classis
367 1946 594 1989 advenisset,
622 1945 747 1980 statim
768 1945 816 1980 ad
831 1944 936 1991 Pylas
955 1944 997 1980 Ci
1014 1945 1106 1981 iciae
1128 1953 1165 1981 et
1179 1947 1310 1995 Syriae
1331 1949 1519 1996 profectus
1541 1957 1604 1995 est,
1630 1950 1670 1986 in

218 1996 275 2031 his
305 2005 456 2041 quoque
487 1991 708 2038 superandis
737 1991 886 2027 navium
919 1991 1056 2028 auxilio
1076 2005 1211 2030 usurus
1243 1996 1379 2036 (Anah.
1399 1995 1426 2032 1.
1446 1996 1482 2033 4.
1500 1997 1557 2038 5.)
1580 2009 1670 2045 quas

217 2051 340 2079 tamen
367 2041 494 2088 paullo
515 2045 597 2087 post
626 2038 778 2074 domum
804 2037 955 2076 remisit.
982 2058 1031 2066 -·
1053 2039 1167 2076 Diod.
1195 2041 1297 2077 xm.
1325 2044 1384 2077 21.
1412 2055 1522 2092 quem
1547 2050 1674 2080 tamen.

216 2101 292 2126 non
319 2089 405 2124 satis
425 2091 644 2123 accuratum
664 2096 762 2130 esse,
788 2097 832 2121 ex
848 2085 961 2120 Anah.
979 2084 1086 2121 [48.
1113 2087 1222 2124 docet
1248 2091 1385 2135 spurca,
1418 2092 1575 2137 Xenoni).
1600 2092 1668 2129 unt>

215 2138 266 2174 bic
290 2136 422 2182 10,ΟΟΟ
446 2134 620 2179 (bruchen.
638 2131 677 2167 >I.
697 2145 743 2180 px
755 2132 856 2176 283.)
881 2131 1022 2168 Contra
1043 2133 1233 2172 Hellenica
1251 2136 1358 2184 prius
1382 2143 1526 2187 tempus
1547 2137 1667 2187 signi-

215 2183 324 2219 ficant
343 2181 449 2225 illud,
475 2191 551 2230 quo
563 2179 685 2229 Cyrus
699 2178 871 2216 Ciliciam
890 2183 1031 2215 intrare
1049 2180 1187 2219 voluit:
1212 2185 1316 2230 cujus
1333 2184 1475 2221 aditum
1487 2186 1668 2233 neSyen-

213 2231 310 2267 nesis
332 2228 447 2266 tutari
472 2228 646 2271 auderet,
674 2227 827 2263 classem
848 2227 1082 2275 impedivisse
1101 2229 1210 2265 etiam
1231 2231 1346 2267 Anah.
1368 2232 1410 2277 (Ι.
1433 2234 1467 2268 2.
1485 2234 1561 2277 21.)
1585 2233 1675 2272 τοο-ξ

213 2284 349 2314 morat.
377 2297 423 2303 —
446 2276 547 2311 Haec
568 2273 632 2323 qui
654 2273 881 2323 reputaverit
912 2273 1035 2321 potius
1067 2277 1223 2324 statuet,
1251 2277 1397 2326 Samio,
1421 2282 1524 2334 cujus
1546 2292 1664 2315 annus

212 2326 276 2362 illo
303 2324 384 2374 ipso
415 2329 587 2371 tempore
618 2321 790 2369 impietus
818 2321 943 2366 fuerit,
978 2322 1049 2364 (ita
1072 2324 1231 2370 conjecit
1257 2326 1425 2372 Becker,
1464 2332 1661 2375 interpret.

213 2385 328 2420 germ.
350 2385 387 2419 p.
406 2371 452 2406 26
485 2382 523 2405 n.
545 2369 604 2403 26.
630 2369 677 2404 cf.
699 2369 852 2412 Mauso,
881 2367 938 2403 lll-
966 2373 997 2406 ¹.
1018 2382 1054 2417 p.
1076 2372 1137 2408 25.
1162 2372 1240 2421 sqq.
1267 2372 1363 2410 favet
1382 2373 1470 2410 huic
1495 2373 1680 2422 explica-s

212 2419 326 2464 tioni‚
369 2417 471 2467 quod
498 2429 541 2452 ex
570 2416 709 2452 Hellen·
734 2415 762 2451 Ι.
781 2416 815 2451 5.
837 2417 869 2451 1.
905 2414 940 2449 6.
963 2418 994 2451 1.
1026 2417 1095 2453 col.
1117 2420 1151 2453 3.
1174 2424 1202 2454 1.
1238 2420 1365 2456 collini
1393 2427 1518 2469 potest
1546 2432 1672 2457 wemo-

212 2474 379 2514 tempore
393 2465 600 2500 navarchus
621 2468 757 2498 munus
775 2461 986 2511 auspicatos
1004 2476 1093 2499 esse.
1119 2472 1154 2501 v.
1175 2472 1301 2502 tamen
1311 2449 1479 2516 'Ivhucydz
1493 2465 1587 2503 vm.
1600 2468 1659 2503 85.
1712 2481 1716 2483 ⁴

193 2520 249 2548 et
282 2513 385 2548 Anah
421 2511 497 2546 vll.
526 2514 559 2545 2.
585 2507 638 2554 5,)
673 2509 923 2558 Pythagoram
956 2512 1182 2549 navant-chum
1212 2514 1440 2550 successisse.
1490 2513 1601 2562 Quod
1629 2515 1659 2551 si

212 2559 294 2614 quis
319 2572 364 2595 ne
398 2559 492 2594 hanc
523 2557 671 2606 quidem
694 2556 877 2592 rationem
908 2558 1138 2604 probandam
1166 2573 1243 2596 esse
1274 2568 1446 2606 censeat,
1470 2561 1658 2608 conjicere

211 2609 315 2650 licet,
344 2606 450 2641 initio
473 2605 637 2648 Samium
660 2617 746 2641 cum
774 2610 848 2639 tota
872 2604 1251 2643 Lacedaemoniorum
1280 2610 1394 2644 classe
1417 2608 1463 2644 ad
1488 2603 1658 2646 Ciliciam

210 2653 443 2690 contendisse
467 2664 510 2687 ac
537 2652 792 2700 postmodum,
821 2663 906 2688 cum
925 2651 1068 2699 Cyrum
1090 2653 1128 2688 in
1152 2666 1232 2690 eam
1255 2655 1407 2691 intrasse
1434 2656 1658 2701 audivisset,

211 2701 330 2748 ipsum
353 2712 438 2736 cum
459 2706 565 2746 parte
585 2699 734 2735 navium
752 2709 943 2734 reversum
958 2711 1057 2746 esse3
1085 2713 1168 2736 cum
1188 2709 1295 2749 parte
1308 2703 1570 2751 Pythagoram,
1591 2702 1655 2750 qui
