1848 2919
602 135 936 176 -27-

46 251 95 297 *et
114 247 253 297 pactus
276 246 319 280 ut
343 237 542 281 abducere
560 237 656 280 inde
676 235 847 289 milites,
880 250 980 291 quos
1000 232 1196 294 praesidii
1218 246 1340 276 causa
1360 231 1493 276 habe-

52 308 121 349 bat
143 305 307 360 liceret,
338 304 500 348 tradidit
520 303 708 358 Quinctio
729 301 918 345 urbem.’'
939 306 1038 360 ¹23⁰)
1211 299 1216 302 ’

106 371 256 426 Nabis,
286 382 496 429 postquam
517 370 724 429 Gytheum
750 384 914 426 quoque
936 369 1125 412 traditum
1146 367 1346 412 Romanis
1373 365 1493 409 audi-

51 439 110 482 vit
129 453 245 493 esse,
276 453 364 481 cum
386 454 411 481 a
432 448 540 481 terra
560 435 747 484 omnibus
772 435 877 478 circa
898 435 1087 478 hostibus
1101 435 1205 477 nihil
1235 430 1328 492 spei
1345 432 1491 484 fimet,

51 520 75 547 a
95 504 196 547 mari
220 519 378 561 quoque
407 512 491 546 toto
516 517 562 544 se
587 501 870 556 interclusum,
901 502 1124 545 cedendum
1151 501 1343 544 fortunae
1364 505 1494 551 ratus,

53 584 141 613 cum
174 570 416 629 imperatore
445 566 689 624 colloquium
714 582 790 625 per
808 567 1104 627 Pythagoram,
1133 582 1328 624 generum
1351 580 1494 619 suum,

50 639 249 696 postulat,
277 637 566 693 impetratque,
602 633 677 676 sed
700 649 790 676 cum
820 633 1065 687 conditioni,
1098 632 1384 690 ut-imperium
1414 632 1492 674 de-

49 713 238 763 poneret,
268 715 595 763 morengo-rere
620 699 767 754 nollet,
802 699 955 743 infecta
983 715 1034 742 re
1050 702 1238 756 Spartam
1260 698 1383 751 abiit,
1410 698 1492 742 im-

47 779 276 828 peratorem
310 766 571 823 deprecatus,
604 774 660 807 ‘ut
685 765 797 808 aliud
826 766 863 808 si
890 765 985 823 quid
1015 765 1258 822 postularet,
1303 761 1497 820 scriptum

44 834 206 877 ederet.
254 826 479 908 ww
501 830 647 888 igitur,
678 832 732 874 ad
755 848 897 890 pacem
927 831 1156 876 inclinatior
1175 829 1327 874 Nabidi
1352 828 1495 873 condi-

13 910 15 921 ³
51 900 182 943 tiones
209 897 341 952 misit,
379 896 425 940 in
455 913 554 954 quas
583 914 673 940 cum
700 915 749 942 eo
776 915 859 956 pax
886 901 1025 953 fieret,
1064 914 1169 955 quae
1200 906 1363 955 praeter
1392 896 1499 939 alias

50 966 191 1009 fixere:
220 966 312 1019 „ut
330 977 483 1019 naves,
513 979 613 1021 quas
640 964 870 1008 civitatibus
898 965 1106 1008 maritimis
1127 963 1366 1018 ademisset,
1395 962 1493 1005 red-
1523 957 1532 967 ⁹

52 1031 196 1073 deret:
222 1045 328 1073 neve
357 1028 447 1086 ipse
475 1045 621 1079 navem
642 1031 953 1088 ullampraeter
978 1031 1081 1073 duos
1108 1031 1286 1085 lembos,
1318 1029 1387 1086 qui
1411 1044 1498 1071 non

51 1096 142 1155 plus
165 1112 285 1153 quam
308 1096 516 1142 sexdecim
533 1098 656 1139 remis
676 1106 906 1153 agerentur,
934 1097 1119 1152 haberet,
1151 1107 1192 1141 et
1205 1106 1251 1140 ut
1264 1095 1496 1141 civitatibus

51 1163 260 1217 omnibus,
291 1178 390 1219 quas
416 1161 504 1219 ipse
530 1162 746 1219 (Quinct.)
771 1162 1034 1218 restituisset,
1057 1176 1250 1220 ‘quaeque
1272 1179 1318 1206 se
1338 1178 1495 1218 suaque

50 1230 93 1272 in
115 1230 239 1273 fidem
269 1244 316 1271 ac
339 1227 533 1271 ditionem
557 1228 888 1294 popQRomani
904 1229 1187 1284 tradidissent,
1217 1220 1354 1272 omnia
1371 1243 1495 1286 prae-

51 1296 156 1339 sidia
184 1296 424 1349 deduceret,
461 1310 587 1351 seque
612 1294 702 1352 ipse
728 1310 905 1352 suosque
931 1296 986 1338 ab
1010 1296 1076 1338 his
1103 1295 1372 1339 abstineret.”
1391 1302 1403 1322 ¹
1417 1300 1434 1322 ²
1448 1296 1495 1351 ¹)

52 1362 136 1405 Sed
154 1376 288 1418 neque
307 1369 478 1419 tyranno
498 1376 631 1417 neque
649 1361 801 1419 populo
823 1376 896 1405 eae
918 1362 1158 1420 placebant,
1188 1376 1312 1419 quare
1332 1360 1376 1404 in
1396 1377 1495 1405 con-

53 1428 167 1471 cione
186 1443 326 1470 omnes
347 1442 429 1470 una
446 1442 547 1470 voce
567 1427 721 1471 bellum
741 1428 832 1484 geri
849 1430 1074 1485 jusserunt.
1104 1432 1157 1472 T.
1175 1428 1340 1482 Quinct-
1362 1427 1496 1471 omni·-

52 1495 128 1537 bus
142 1494 263 1537 sociis
278 1495 441 1538 navah'b
543 1495 706 1554 Gytheo
723 1495 880 1549 accitis,
903 1495 1046 1537 urbem
1060 1495 1324 1550 vehementer
1344 1509 1496 1550 aggi-ee

52 1560 175 1604 ditur.
204 1564 415 1619 Tyrannus
498 1607 500 1609 v
617 1575 661 1602 es
686 1559 835 1602 deinde
859 1560 949 1603 dies
972 1560 1204 1615 lacessitus,
1234 1576 1377 1618 pacem
1401 1570 1495 1602 tan-

53 1628 144 1670 dem
168 1626 298 1684 petiit,
325 1642 444 1682 quam
459 1625 738 1683 eijmperator
755 1625 900 1669 iisdem
918 1627 1232 1682 conditiom'bu‘s,
1255 1642 1354 1683 quas
1377 1636 1499 1670 antea

52 1693 219 1750 scriptas
239 1680 441 1747 ediderat,
471 1693 667 1737 concessit
688 1702 750 1747 et,
780 1692 905 1736 fratre
927 1695 1133 1752 Gytheum
1155 1695 1208 1737 ad
1233 1695 1404 1737 classem
1427 1709 1497 1736 re-

52 1758 195 1819 q'sso,
224 1758 313 1816 ipse
332 1761 470 1816 Argos
492 1759 697 1802 contendit
715 1759 830 1815 ¹2²).
860 1759 1154 1803 Maritimarum
1173 1759 1336 1803 urbium
1360 1774 1498 1802 curam

52 1827 103 1867 Τ.
123 1825 286 1878 Quinct.
314 1826 492 1869 Achaeis
515 1826 720 1869 mandavit
742 1832 753 1852 ¹
766 1832 782 1853 ²
796 1826 857 1884 ³).
1484 1866 1488 1870 ,

107 1895 319 1951 Tyrannus
349 1908 448 1936 vero
476 1892 634 1936 amissis
662 1893 873 1937 maritimis
904 1891 1088 1950 oppidis,
1116 1892 1338 1936 advomnes
1367 1909 1498 1950 expe·

53 1957 226 2001 ditiones
248 1958 444 2002 infirmior
462 1959 562 2013 fuit,
592 1959 650 2002 ita
671 1969 718 2002 ut
736 1960 840 2003 duos
860 1960 1121 2017 insequentes
1144 1974 1273 2003 annos
1297 1959 1434 2017 quiete
1459 1969 1500 2003 et

52 2023 140 2067 sine
158 2025 374 2068 vexatione
390 2025 661 2083 Peloponnesi
674 2026 930 2083 transigeret.
962 2026 1047 2068 Sed
1057 2026 1198 2068 Aetoli
1212 2027 1408 2070 Romanis
1431 2028 1497 2070 in-

52 2091 159 2133 fensi
179 2100 220 2133 et
239 2091 472 2148 Philippum
495 2101 537 2134 et
556 2091 803 2134 Antiochum
833 2102 873 2133 et
893 2092 1026 2134 Nabin
1040 2122 1054 2145 ,
1085 2107 1285 2147 quemque
1310 2093 1395 2135 suis
1421 2094 1497 2135 sti-

52 2156 195 2212 mulis,
224 2157 278 2201 ad
304 2157 460 2200 bellum
488 2157 681 2201 Romanis
710 2157 969 2201 inferendum
993 2173 1247 2201 commovere
1270 2161 1496 2206 tentabant·

59 2239 329 2262 ——l—--—
1364 2248 1366 2251 ’
1424 2248 1446 2265 §a
1488 2248 1490 2250 >

454 2275 456 2278 “
497 2276 505 2292 1

98 2312 185 2357 ¹20)
210 2311 290 2348 Liv.
318 2311 495 2348 XXXIV.
526 2312 586 2348 29.

103 2361 185 2405 12¹)
212 2360 292 2395 [ἡν.
321 2360 496 2395 xxxw.
522 2359 706 2397 31-36.1
1293 2384 1295 2387 -

100 2408 185 2445 1⁴22)
212 2407 293 2442 Liv.
319 2406 494 2442 XXXIV.
519 2408 567 2442 38
586 2429 615 2435 -
633 2407 694 2442 4¹.
719 2407 815 2442 Plut.
837 2407 901 2442 vit.
920 2408 1036 2442 Flam.
1058 2418 1089 2441 c.
1109 2408 1236 2440 12..-
1259 2405 1344 2440 Non
1362 2404 1501 2451 injuria

52 2451 98 2486 ab
115 2452 270 2488 Achaeis
293 2460 328 2489 et
351 2452 487 2490 Aetolis
510 2450 784 2502 reprehensus,
823 2454 921 2502 quod
948 2452 1119 2499 omnibus
1145 2451 1327 2488 Graeciae
1353 2453 1502 2501 oppidis

51 2495 234 2544 liberatis,
268 2501 584 2537 Lacedaemonem
620 2512 643 2536 a
670 2508 833 2548 tyranno
870 2499 992 2535 teneri
1020 2499 1199 2546 patiatur,
1229 2499 1291 2534 ita
1316 2506 1360 2534 ut
1390 2500 1501 2536 initio

52 2542 278 2595 insequentis
305 2548 408 2586 veris,
435 2547 472 2581 in
505 2554 691 2583 conventu
713 2547 885 2583 Corinthi
908 2546 1054 2588 habito,
1082 2556 1119 2579 se
1148 2556 1314 2598 pin-gare
1337 2547 1502 2583 studeret

53 2589 151 2630 (le-
168 2590 203 2626 6.
219 2593 299 2634 49.)
323 2601 358 2629 et
377 2590 670 2640 Demetriadem,
698 2593 913 2632 Chalcidem
932 2600 966 2629 et
978 2592 1293 2637 Acrocornnthum
1312 2593 1500 2631 liberaret.

52 2636 99 2673 cf.
126 2637 277 2681 Manso,
304 2641 428 2689 Spart.
456 2641 519 2678 111.
548 2645 579 2678 1.
607 2655 643 2689 p.
671 2642 754 2677 395.

70 2721 74 2723 ,
100 2687 187 2727 123)
213 2687 296 2721 Liv.
325 2690 480 2725 XXXV.
509 2691 563 2726 13.
591 2694 625 2724 2.
656 2689 708 2724 18.
736 2690 771 2725 5.
