1848 2919
794 94 1256 150 -14-„

228 193 425 251 impediat
445 208 525 251 quo
547 194 678 237 minus
697 193 910 252 Gytheatis
928 207 978 236 ea
998 194 1244 248 tribuamus,
1271 209 1363 237 cum
1377 208 1402 237 a
1415 192 1683 237 Doriensibus

229 260 392 302 Cereris
413 270 718 316 ceterorumque
737 260 946 303 numinum
967 259 1217 304 terrestrium
1238 262 1371 305 cultus
1388 272 1429 306 et
1448 261 1682 319 negligere-

227 335 293 368 tur
317 336 358 369 et
379 325 643 385 impediretur
661 323 753 383 ⁴³).
887 371 889 374 ,
1543 347 1546 349 ·

283 395 338 448 β)
368 391 670 446 Aesadapius.
717 392 956 450 Aesculapii
982 410 1143 451 quoque
1170 394 1299 437 cultus
1326 392 1371 434 in
1403 393 1487 437 illis
1507 393 1683 454 Taygeti

226 458 461 515 regionibus
485 458 710 510 identidem
724 457 928 513 reperitur
944 463 961 484 ⁴
973 461 1033 516 ⁴),
1065 469 1106 503 et
1134 462 1223 516 ejus
1250 460 1364 517 origo
1383 459 1506 502 etiam
1524 452 1576 504 ad
1594 462 1680 504 Mi-

227 540 329 583 nyas
351 523 762 572 referendavidetur.
794 550 851 556 —
879 525 1042 568 Etenim
1058 552 1115 558 -
1136 526 1173 568 si
1191 527 1417 568 Muellerus
1436 534 1546 568 recte
1563 526 1680 582 judi-

227 601 290 633 cat
306 591 379 647 ⁴⁵)
399 616 455 623 —
472 590 746 647 Aesculapius
775 591 1029 648 potissimum
1056 607 1080 634 a
1099 592 1294 650 Phlegyis
1326 591 1430 633 circa
1449 591 1618 634 Dotium
1640 601 1681 634 et

223 657 265 700 in
289 657 507 715 Magnesia
528 656 759 712 colebatur,
792 658 860 715 qui
882 659 1036 719 Minyis
1060 657 1220 715 cognati
1243 666 1364 714 atque
1389 658 1532 701 eadem
1553 658 1680 716 stirpe

224 723 386 766 oriundi
420 732 554 776 erant,
595 739 715 778 quam
746 725 799 766 ob
829 740 917 766 rem
938 725 1209 781 Aesculapius
1234 740 1325 765 cum
1353 724 1497 766 horum
1519 740 1680 780 quoque

223 789 349 833 sacris
373 798 482 830 arcte
508 788 746 843 conjunctus
767 798 829 831 est
845 790 935 845 ⁴⁶).
967 790 1008 830 A
1024 788 1221 847 Phlegyis
1247 789 1392 844 eadem
1411 789 1557 846 religio
1577 789 1679 847 Epi-

223 856 393 898 daurum
419 853 533 897 venit
549 854 646 911 ⁴⁷),
678 863 719 897 et
742 854 904 896 illorum
936 869 1026 896 cum
1054 854 1198 898 incolis
1229 854 1457 898 Laconicae
1485 856 1679 912 conjunc-

220 921 374 964 tionem
393 921 534 963 fabula
553 919 721 975 indicat,
745 935 825 977 qua
842 915 1093 978 Euphemus,
1115 921 1391 981 Phlegyarum
1411 921 1549 976 heros,
1569 921 1679 964 filius

220 997 473 1045 nuncupatur
483 987 668 1041 Doridis,
695 989 874 1030 Eurotae
891 998 1010 1030 natae
1031 988 1121 1044 ⁴⁸).
1153 988 1376 1030 Dorienses
1387 987 1679 1044 Aesculapium

219 1072 303 1098 non
324 1054 447 1098 valde
468 1054 673 1107 colebant,
704 1053 755 1095 iis
777 1053 959 1110 exceptis
982 1053 1227 1107 civitatibus,
1259 1068 1362 1110 quae
1381 1062 1426 1096 ut
1440 1055 1537 1108 Cos,
1561 1053 1677 1095 Rho-

219 1123 295 1165 dus
320 1131 361 1164 et
385 1120 540 1163 Cnidus
567 1120 619 1162 ab
645 1119 878 1176 Epidauriis
904 1120 994 1173 ejus
1015 1119 1257 1175 religionem
1282 1129 1572 1162 assumserunt.

275 1189 325 1244 y)
356 1186 589 1241 Dionysum
634 1188 700 1226 De
720 1183 933 1243 Dionyso,
958 1184 1047 1239 jam
1070 1184 1212 1227 intime
1241 1199 1331 1226 cum
1353 1184 1513 1227 Gabiris
1533 1184 1677 1240 juncto

218 1254 325 1298 nihil
357 1263 441 1308 est,
484 1252 595 1310 quod
622 1260 835 1309 praeterea
864 1250 1048 1294 afferam.
1100 1250 1309 1294 Prasiotae
1341 1251 1558 1294 narrabant
1574 1252 1677 1307 ⁴⁹):

217 1324 292 1363 Ino
318 1316 519 1363 errantem
537 1319 579 1360 in
597 1332 713 1360 suam
733 1326 882 1358 terram
905 1315 1088 1370 venisse,
1120 1318 1259 1376 ibique
1280 1316 1477 1376 Dionysi,
1508 1318 1551 1359 in
1577 1317 1678 1360 cista

217 1389 271 1431 ad
290 1402 402 1430 oram
422 1385 539 1428 illam
559 1383 741 1442 appulsi,
781 1382 976 1425 nutricem
1009 1398 1100 1427 esse
1132 1383 1297 1428 factam.
1352 1387 1426 1427 Ino
1453 1380 1554 1432 'vero
1586 1399 1677 1427 cum

216 1452 372 1513 Minyis
393 1451 565 1495 nauticis
585 1448 810 1503 arctissime
830 1450 1069 1507 cohaerere,
1093 1452 1183 1507 jam
1201 1449 1421 1494 indicatum
1437 1455 1451 1477 ⁵
1464 1450 1529 1507 ⁰).
1706 1441 1711 1446 ⁸

261 1625 328 1667 43)
352 1620 533 1659 Herodot.
555 1617 601 1655 II.
621 1619 680 1654 71.
707 1617 883 1664 Mueller,
910 1618 1007 1654 Dor.
1033 1618 1062 1654 Ι.
1081 1617 1214 1667 Ρ.399.
1240 1637 1289 1645 -
1312 1615 1493 1665 Mysteria
1513 1614 1672 1664 Gythea-

214 1680 338 1708 tarum
369 1668 593 1713 confirmant
620 1665 853 1714 potissimum
882 1665 1026 1701 vicinae
1047 1666 1131 1702 Heli
1149 1663 1342 1701 Eleusinia
1361 1669 1397 1698 et
1415 1664 1495 1710 ipsa
1515 1662 1672 1698 fortasse

213 1718 418 1754 Pausaniae
442 1714 579 1755 verba:
607 1711 807 1760 Δήμητρος
828 1712 933 1759 ἱερὸν
955 1712 978 1747 ἅ
1008 1726 1068 1748 ιον
1091 1712 1153 1746 Ill.
1185 1713 1244 1744 21.
1271 1713 1307 1743 7.
1409 1754 1417 1761 .

262 1767 325 1807 44)
349 1765 397 1800 Ut
418 1763 602 1806 Pellanae,
623 1760 731 1796 Paus.
751 1758 812 1794 111.
834 1761 894 1795 21.
908 1761 942 1795 2.
1005 1758 1121 1805 ythei,
1147 1757 1239 1792 ibid.
1252 1758 1286 1790 7.
1312 1755 1465 1799 Prasiis,
1490 1754 1595 1791 Paus.
1606 1753 1669 1789 111.

213 1813 273 1849 24.
297 1814 331 1847 4.
368 1811 414 1847 cf.
436 1811 660 1854 wacbsmutt)
687 1808 820 1851 {sellem
848 1805 1175 1853 mttertomuzrunbe
1200 1803 1244 1838 11.
1271 1805 1305 1838 2.
1332 1816 1370 1850 p.
1396 1804 1473 1838 173.
1588 1828 1591 1832 .

261 1860 330 1905 45)
357 1858 535 1893 Orchom.
556 1867 595 1901 p.
618 1854 709 1888 198..
724 1864 807 1901 sqq.
1527 1863 1530 1876 2
1552 1847 1588 1876 με
1609 1896 1616 1904 .

260 1906 326 1951 46)
353 1904 520 1941 Mueller
550 1902 573 1936 ¹·
597 1901 621 1936 l·
654 1913 691 1948 P·
712 1901 795 1935 201-.
821 1920 870 1927 —
894 1920 941 1928 —
967 1919 1015 1928 —-
1052 1900 1101 1938 Εὖ
1129 1900 1213 1936 rann
1240 1895 1323 1936 fiber
1347 1898 1399 1936 bie
1424 1893 1671 1943 urim-uagum

214 1955 351 1999 &inbcit
376 1954 436 1988 bes
463 1951 643 1994 macrior,
666 1951 722 1984 ber
744 1948 914 1993 ‘phlegon
940 1947 1009 1984 unt>
1035 1948 1095 1984 bes
1113 1947 1334 1992 &Trophonius
1352 1947 1408 1999 ξεν
1423 1948 1567 1996 <mitum
1590 1944 1669 1987 aud)

212 2002 299 2044 nicht
325 1999 419 2043 mehr
444 1997 501 2034 bct·
526 1996 644 2041 leisestc
669 1995 812 2040 Bmcifel
839 1997 1030 2039 obmottcn,
1054 2000 1129 2029 cet.
1149 1993 1195 2028 de
1222 1999 1443 2040 cognatione
1473 1997 1669 2037 utriusque

212 2046 343 2096 populi
368 2045 466 2081 idem
492 2057 528 2092 p.
553 2042 633 2080 184,
660 2053 740 2089 sqq.
889 2090 906 2098 υ
1042 2065 1046 2067 »
1084 2086 1093 2099 ¹
1201 2085 1210 2097 Ι
1374 2082 1390 2099 r
1512 2084 1520 2096 ἱ
1616 2087 1632 2094 „

258 2097 323 2139 47)
349 2094 455 2128 Paus.
475 2091 520 2126 ΙΙ.
541 2090 599 2123 26.
617 2090 653 2124 4.
682 2089 906 2133 Ἀσκληπιου
940 2088 983 2124 δὲ
1006 2089 1125 2134 {epar
1155 2089 1318 2134 μαλιστα
1353 2099 1451 2122 ewam
1484 2099 1552 2130 την
1584 2098 1667 2131 γην,

212 2143 276 2178 ἐπὶ
306 2138 406 2187 λόγῳ
442 2141 653 2185 συμβέβηκε
687 2137 833 2181 τοιῷδε·
872 2132 1050 2187 ‘hi-syba?
1080 2132 1319 2183 Ἐπιδαύριοί
1338 2143 1461 2180 φασιν
1482 2136 1611 2170 ἐλθεῖν
1633 2134 1670 2170 ἐς

211 2187 508 2231 Πελοπόννησον
534 2189 606 2219 cet.
1311 2226 1319 2233 .

259 2235 326 2275 48)
352 2233 533 2276 Mueller,
568 2228 746 2264 Orchom.
776 2239 812 2273 p,
840 2226 922 2261 315.
959 2234 997 2261 et
1027 2227 1081 2261 ibi
1110 2233 1189 2262 not.
1215 2227 1250 2261 3.
1286 2232 1362 2262 citt.
1387 2227 1424 2262 ll.
1457 2225 1503 2262 cf.
1524 2238 1557 2272 p.
1582 2223 1665 2259 306.

211 2289 288 2318 not.
310 2284 332 2314 2
350 2287 386 2316 et
404 2276 439 2315 3.
475 2298 521 2305 -
557 2277 660 2312 Inter
679 2273 839 2310 Cabiros
861 2285 944 2309 eum
969 2285 1120 2321 quoque
1146 2272 1259 2309 fuisse
1282 2273 1471 2319 Creuzer,
1501 2271 1663 2320 Symbol.

212 2343 248 2377 p.
273 2329 341 2363 143
365 2334 402 2363 et
424 2327 507 2361 336.
534 2336 613 2373 sqq.
642 2320 850 2358 confirmat.

258 2376 322 2419 49)
348 2376 454 2410 Paus.
482 2372 547 2407 Ill.
582 2371 641 2406 24.
669 2373 703 2406 3.
810 2391 818 2394 Α

260 2422 324 2464 50)
352 2422 523 2458 Mueller.
550 2418 729 2455 Orchom.
752 2430 788 2462 p.
802 2418 882 2451 173.
904 2428 981 2464 sqq.
1011 2416 1130 2452 Etiam
1150 2428 1220 2464 per
1237 2417 1393 2464 Aegidas
1414 2414 1663 2454 Cadmeones,

210 2467 275 2516 qui
304 2474 347 2503 ut
374 2467 488 2502 vicini
512 2467 701 2502 Thracum
733 2463 886 2498 illorum
909 2462 1043 2498 fabulis
1066 2464 1173 2498 valde
1205 2465 1484 2515 celebratorum
1499 2460 1664 2517 ‘Dionysi

209 2515 434 2562 religionem
464 2534 511 2539 —-
538 2512 705 2560 quamvis
732 2511 779 2546 ab
806 2510 873 2545 ina
891 2509 1108 2556 Minyarum
1139 2510 1323 2547 diversam
1348 2509 1415 2553 -ῑυῗ
1440 2520 1441 2523 ’
1495 2519 1540 2542 ns
1564 2519 1664 2543 acce-

208 2568 369 2611 perunt,
399 2566 435 2594 et
457 2559 520 2612 qui
539 2560 639 2595 haud
658 2570 812 2607 parvam
828 2556 1040 2592 Laconicae
1054 2563 1199 2603 partem
1213 2557 1277 2593 diu
1291 2557 1416 2592 habita
1446 2561 1530 2600 ant,
1555 2555 1664 2598 hujus
1698 2594 1711 2608 ff·
1772 2579 1774 2584 .

209 2610 334 2646 cultus
359 2606 468 2653 origo
489 2618 527 2640 ιη
550 2606 843 2652 Peloponnesum
866 2602 993 2639 venire
1018 2609 1177 2649 poterat.
1203 2624 1249 2631 —-
1285 2602 1436 2651 Optime
1459 2602 1506 2639 de
1525 2602 1596 2638 hac
1623 2612 1664 2635 re

209 2656 286 2704 egit
312 2655 497 2698 Mueller,
526 2652 703 2688 Orchom.
730 2666 766 2699 p.
785 2653 868 2686 382.
897 2664 978 2699 sqq.
