1848 2919
843 119 900 127 -
984 96 1183 150 52,-

280 214 378 243 vero
402 196 575 241 navibus
584 187 639 239 *in
663 210 785 239 unam
804 194 1034 253 longiorem
1051 196 1200 239 seriem
1219 197 1447 257 dispositis,
1465 214 1536 244 eos
1556 198 1737 256 undique

280 265 527 310 circumvehi
544 274 585 307 et
604 262 650 306 in
665 272 881 321 angustum
905 263 1143 307 contrahere
1169 276 1411 322 coeperunt,
1440 282 1582 326 proras
1606 265 1735 312 hosti-

279 333 384 377 lium
416 331 581 375 navium
612 346 776 388 semper
811 344 930 372 cursu
963 330 1256 387 propemodum
1275 331 1466 380 radentes
1493 344 1535 377 et
1560 334 1735 391 impres·-

279 400 406 444 sionis
419 399 593 454 jamjam
613 395 828 439 faciendae
847 394 1080 453 opinionem
1099 395 1359 454 praebentes,
1389 396 1581 443 Phormio
1600 408 1734 443 tamen

280 466 429 510 milites
463 481 560 508 suos
589 463 825 507 exhortatus
856 472 968 517 erat,
998 478 1051 506 ne
1079 463 1191 521 prius
1208 462 1253 506 in
1281 462 1420 505 hostes
1443 461 1731 523 irrumperent,

279 547 401 588 quam
424 540 572 574 ventus
595 528 872 586 procellosus,
903 544 1025 585 quem
1048 530 1192 587 quovis
1212 539 1396 587 tempore
1416 528 1735 577 ¹matutino.oriri

278 607 446 652 novert,
478 596 709 640 exsisteret.
755 593 839 638 Ubi
860 603 1001 638 autem
1021 606 1062 639 et
1084 606 1230 640 ventus
1259 596 1359 640 flare
1386 596 1522 655 coepit
1546 607 1588 641 et
1609 615 1735 644 naves

271 665 362 720 jam
380 664 424 706 in
442 673 597 706 arctum
618 661 807 704 redactae
827 675 919 703 cum
943 662 997 704 ob
1012 672 1178 707 ventum
1193 674 1278 707 tum
1293 664 1415 709 etiam
1433 664 1543 722 quod
1560 664 1736 710 hostium

277 730 444 786 navigia
466 729 587 781 simul
607 727 708 786 ipsis
726 727 1031 785 incumberent,
1062 731 1216 775 turbari
1238 742 1479 790 coeperunt,
1510 747 1602 775 cum
1619 734 1736 776 navis
1794 728 1803 736 ’

278 798 322 841 in
339 812 485 839 navem
511 794 796 848 inveheretur,
827 795 900 837 alii
924 796 1046 843 aliam
1067 812 1092 839 a
1111 813 1187 841 sua
1207 798 1336 842 contis
1356 799 1625 857 repellerent,
1655 799 1734 842 mi-

276 866 339 908 les
372 862 545 907 militem
574 862 752 905 clamore
784 869 825 902 et
857 860 1050 903 conviciis
1065 862 1335 918 .objurgaret‚
1377 881 1512 921 neque
1541 865 1733 908 exhorta-

276 930 456 974 tionibus
476 943 611 985 neque
623 925 753 983 jussis
783 925 984 980 obediret,
1014 941 1092 969 nec
1111 927 1215 971 remi
1235 927 1280 971 in
1301 928 1455 985 agitato
1475 931 1577 974 mari
1600 933 1734 977 attolli

276 1006 467 1056 possent3
495 1005 592 1039 tunc
615 994 710 1038 dato
737 992 856 1050 signo
876 991 1153 1037 Athenienses
1179 995 1313 1039 subito
1343 995 1388 1038 in
1416 997 1735 1056 eosirrumpunt

277 1073 319 1106 et
352 1078 434 1106 una
466 1078 519 1105 ex
554 1059 769 1119 praetoriis
800 1058 974 1102 navibus
991 1060 1066 1116 ⁸²)
1101 1060 1316 1116 immersa,
1345 1063 1486 1105 multis
1508 1064 1732 1122 corruptis,

254 1128 564 1187 ‘Peloponnesii
601 1144 691 1171 cum
722 1125 894 1183 reliquis
926 1126 1068 1169 Patras
1102 1136 1143 1170 et
1173 1130 1339 1186 Dymen
1367 1129 1613 1185 confugere,
1652 1147 1732 1188 quo

275 1196 553 1239 Athenienses
582 1210 654 1237 eos
672 1191 809 1236 'secuti
841 1191 1055 1234 duodecim
1077 1207 1204 1236 naves
1218 1192 1424 1251 'ceperunt
1443 1198 1459 1221 ⁸
1475 1195 1535 1252 ³).
1730 1195 1732 1197 ’

333 1262 523 1305 Secunda
544 1261 590 1310 in
608 1275 749 1317 pugna
769 1258 1062 1315 Peloponnesii
1080 1260 1339 1317 septuaginta
1362 1270 1520 1319 septem
1547 1262 1732 1307 triremes

274 1329 384 1385 apud
408 1327 560 1370 Rhium
584 1325 812 1369 Achaicum
840 1326 1055 1379 tenebant,
1096 1326 1375 1371 Athenienses
1401 1329 1565 1371 easdem
1587 1329 1732 1386 viginti

273 1394 383 1452 apud
403 1392 556 1436 Rhium
582 1390 758 1448 (distant
777 1390 936 1435 circiter
957 1400 1115 1449 septem
1134 1392 1266 1436 stadia
1285 1394 1525 1452 maritima).
1556 1398 1637 1439 Per
1656 1412 1732 1439 sex

272 1471 485 1518 septemve
513 1459 602 1501 dies
633 1458 827 1501 adversas
855 1457 1050 1500 stationes
1073 1456 1325 1514 habuerunt,
1356 1461 1558 1518 proelium
1582 1462 1731 1504 navale

272 1527 515 1571 meditantes
545 1535 586 1570 et
612 1533 921 1583 praeparantes,
954 1522 1063 1580 qyod
1085 1523 1377 1585 Peloponnesii
1401 1528 1445 1570 in
1474 1528 1601 1571 altum
1632 1544 1729 1585 pro-

271 1593 368 1637 vehi
391 1611 473 1638 non
494 1593 716 1645 auderent,
746 1591 956 1647 superiore
980 1590 1098 1632 clade
1123 1590 1277 1645 territi,
1308 1593 1583 1636 Athenienses
1605 1609 1728 1650 proe-

270 1657 373 1702 lium
402 1659 446 1702 in
475 1657 675 1717 angustiis
708 1656 930 1713 evitarent,
960 1655 1033 1699 ubi
1055 1655 1220 1699 navium
1245 1657 1431 1716 agilitate
1454 1658 1586 1704 minus
1609 1669 1728 1719 pote-

269 1738 359 1771 rant
378 1727 455 1771 uti.
485 1726 670 1770 Tandem
689 1724 776 1780 illi,
808 1741 898 1768 cum
930 1724 1006 1768 hos
1035 1722 1185 1768 invitos
1205 1723 1249 1767 in
1270 1727 1480 1782 angustias
1503 1728 1728 1785 producere

268 1795 444 1848 vellent,
476 1793 709 1847 ordinibus,
739 1807 910 1847 quorum
939 1791 1094 1847 singuli
1118 1800 1335 1845 quaternas
1352 1792 1559 1836 habebant
1579 1793 1725 1848 naves,

268 1860 408 1914 factis,
438 1859 574 1902 statim
600 1859 734 1918 primo
765 1857 943 1900 diluculo
969 1866 1089 1913 portu
1121 1856 1361 1913 solvebant,
1402 1859 1547 1903 dextro
1581 1876 1727 1918 proce-

269 1927 393 1969 dente
429 1941 577 1980 cornu,
618 1925 689 1968 ubi
729 1923 875 1980 vig-inti
908 1922 1072 1980 navigia
1099 1922 1276 1966 maxima
1307 1924 1515 1969 celeritate
1539 1927 1725 1984 praedita

267 1994 577 2047 constituerant,
617 2002 684 2045 ut,
726 1990 762 2034 si
791 1991 898 2034 forte
928 1988 1142 2044 Phormio,
1182 2000 1292 2033 ratus
1311 1991 1726 2051 *ipsosffNaupactum

264 2061 458 2116 tendere,
498 2059 588 2117 ipse
620 2072 782 2114 quoque
818 2072 939 2114 opem
970 2058 1128 2100 laturus
1158 2056 1237 2100 hac
1268 2057 1348 2101 iter
1372 2059 1545 2114 faceret,
1565 2096 1569 2099 ,
1589 2060 1725 2103 Athe,-

263 2127 427 2171 nienses
460 2142 556 2171 suas
587 2140 714 2168 naves
744 2140 827 2167 non
864 2122 1049 2180 effugere
1074 2134 1257 2181 possent.
1304 2126 1531 2187 Phormio,
1574 2128 1725 2185 oppido

262 2194 479 2253 praesidiis
516 2194 667 2236 nudato
699 2201 907 2246 metuens,
944 2189 1187 2234 festinanter
1209 2191 1409 2238 militibus
1441 2193 1615 2237 navibus
1644 2193 1723 2237 im-

260 2262 404 2320 positis
416 2262 554 2317 ,Qna
576 2260 682 2318 serie
707 2274 820 2302 oram
847 2259 991 2315 legere
1021 2258 1170 2316 coepit.
1226 2260 1516 2317 Peloponnesii
1548 2277 1647 2304 vero
1681 2272 1725 2305 ut

262 2344 332 2371 eos
358 2329 486 2385 longa
502 2325 666 2370 navium
680 2324 803 2380 serie,
828 2339 918 2367 cum
933 2322 1123 2381 singulae
1137 2324 1319 2383 singulas
1330 2335 1611 2385 sequerentur,
1634 2328 1724 2384 jam

306 2464 370 2507 82)
400 2466 488 2500 Τῶν
506 2463 767 2510 στρατηγίδων
785 2462 883 2497 νεῶν
898 2463 1005 2507 μίαν.
1056 2460 1242 2506 ὃοὴείΐοτ,
1270 2461 1316 2497 de
1337 2461 1442 2497 milit.
1465 2460 1585 2497 navali
1616 2460 1662 2497 11.
1685 2463 1720 2498 2,

259 2524 295 2558 p.
318 2512 396 2546 162.
425 2510 695 2549 ..Praetorium
716 2507 854 2544 Graeci
879 2509 1111 2554 ναυαρχίδα,
1138 2508 1227 2544 item
1257 2510 1488 2558 στρατηγίδα
1510 2519 1694 2544 vocavere
1709 2535 1720 2554 ‚

257 2570 328 2593 nce
358 2558 563 2598 maximam„
580 2563 720 2592 tantum
734 2582 745 2601 ‚
772 2556 838 2591 sed
861 2556 1042 2602 optimam
1064 2553 1387 2604 firmissimamque
1411 2556 1459 2592 ad
1480 2555 1553 2591 hoc
1581 2567 1719 2595 munus

256 2604 482 2652 elegerunt)⁷

303 2654 372 2693 83)
398 2651 569 2697 Thucyd.
596 2649 641 2685 11.
668 2649 715 2686 83
736 2656 774 2686 et
797 2649 856 2686 84.
885 2647 932 2686 cf.
958 2647 1076 2690 Diod.
1103 2647 1184 2684 ΧΠ.
1211 2649 1273 2689 48.

1257 2768 1290 2788 s
