1848 2919
950 528 1015 576 11.

746 631 811 683 A.
871 632 1219 694 Historia.

259 714 407 789 Cum
444 744 768 805 Atheniensibus
807 747 921 791 bello
959 749 1003 792 in
1040 749 1130 807 ipsa
1159 747 1333 795 Graecia
1372 748 1552 792 nondum
1594 744 1708 790 finito

253 810 495 853 Alcibiades
528 795 816 867 pei-suaderet,
839 823 893 855 <ut
921 814 1078 857 bellum
1100 816 1204 858 illud
1231 815 1438 859 funestum
1461 815 1505 857 in
1528 811 1722 857 Siciliam*

253 876 506 934 susciperent
521 878 612 934 ⁹⁰),
643 878 974 933 Lacedaemonii,
1006 879 1076 936 qui
1095 880 1269 940 induciis
1290 889 1332 923 et
1352 895 1454 937 pace
1471 896 1562 923 cum
1573 878 1721 923 Athe-'

253 942 464 986 aiensibus
486 943 605 987 factis
618 947 635 971 ⁹
649 945 694 1001 ¹)
715 944 923 987 labentem
943 947 1224 989 auctoritatem
1235 946 1280 989 in
1291 946 1720 1003 Peloponneso-'proe-

253 1008 310 1051 lio
341 1010 452 1066 apud
478 1010 733 1053 Mantineam
763 1010 1024 1054 restituerant
1041 1013 1139 1069 ⁹²),
1170 1027 1261 1055 cum
1287 1010 1550 1069 occupatione
1572 1013 1709 1053 Dece-

253 1075 360 1129 leae,
384 1075 531 1124 eodem
541 1076 759 1119 Alcibiade
773 1086 952 1131 auctore,
974 1087 1061 1120 tum
1071 1078 1225 1121 auxilio
1236 1078 1280 1120 in
1291 1075 1471 1120 Siciliam
1483 1076 1607 1119 misso
1618 1080 1636 1103 ⁹
1648 1076 1709 1132 ³),

253 1141 381 1182 multo
414 1141 570 1183 fiebant
597 1142 843 1199 superiores.
899 1144 1005 1184 Nam
1032 1144 1129 1186 dmn
1161 1142 1438 1186 Athenienses
1475 1142 1586 1186 cives
1615 1157 1711 1185 suos

255 1206 430 1264 optimos
449 1207 494 1248 in
516 1207 697 1251 Siciliam
713 1208 900 1262 mittunt,
930 1209 1120 1266 Spartani
1147 1208 1308 1253 nonnisi
1330 1209 1547 1252 nonnullos
1570 1223 1711 1252 servos

255 1274 359 1316 duce
382 1273 562 1333 Gylippo
580 1274 885 1318 transferendos
906 1285 1067 1330 curant,
1100 1290 1205 1332 quae
1232 1274 1439 1332 expeditio
1467 1274 1544 1318 etsi
1567 1289 1711 1317 succu-

254 1339 434 1394 buisset,
465 1340 759 1397 rempublicam
780 1340 912 1398 ipsam
931 1339 1048 1384 nulla'
1057 1352 1222 1399 prorsus
1243 1342 1476 1385 infirmitate
1491 1341 1711 1396 affecisset,

255 1420 361 1463 quae
390 1423 514 1462 vero,
554 1406 591 1449 si
614 1408 876 1462 succederet,
916 1407 1126 1465 Spartanis
1158 1407 1336 1463 maxima
1368 1403 1566 1466 praebere
1602 1423 1712 1466 com-

253 1472 378 1515 moda
404 1472 597 1515 debebat.
637 1476 754 1525 Haec
773 1483 910 1517 tamen
929 1476 1142 1518 commoda
1161 1474 1577 1519 Lacedaemoniorum
1597 1472 1713 1517 tarda
1768 1489 1774 1494 ’

254 1554 370 1580 mens
398 1538 516 1581 initio
547 1539 780 1597 perqicere
813 1540 1030 1597 nequibat,
1070 1556 1163 1583 cum
1191 1537 1536 1599 syl-actuanorum
1565 1548 1606 1581 et
1628 1540 1712 1580 Go-

253 1604 496 1647 rinthiorum
522 1605 671 1662 legatis
705 1605 903 1649 auxilium
930 1605 1264 1664 implorantibus,
1293 1600 1450 1664 Ephori
1475 1606 1636 1662 legatos
1662 1619 1712 1647 eo

253 1670 416 1716 missuri
449 1680 607 1726 essent,
645 1671 725 1714 nisi
749 1671 990 1715 Alcibiades
1026 1673 1208 1716 oratione
1241 1665 1514 1727 ianencione
1544 1671 1710 1725 habita,

253 1737 349 1780 totis
381 1736 540 1780 viribus
570 1737 843 1806 Qbfflsset,
874 1748 933 1794 >ut
957 1738 1094 1798 copias
1117 1738 1337 1783 auxiliares
1367 1738 1598 1782 emitterent
1617 1736 1711 1793 ⁹⁴).

301 1859 370 1898 90)
395 1858 576 1903 Maxime,
602 1858 753 1911 opinor,
779 1858 882 1904 quod
903 1850 1166 1904 imperitiam'h
1265 1896 1269 1897 ⁷

254 1903 450 1939 navalibus
471 1911 507 1938 et
526 1910 753 1951 paucitatem
768 1902 919 1937 navium
932 1902 995 1937 des
1022 1902 1179 1947 icerent,
1257 1907 1439 1950 apropter
1452 1909 1554 1938 terra
1572 1908 1711 1937 tantum

253 1949 413 1986 Atticam
437 1950 543 1985 adire
564 1956 728 1997 possent.
770 1949 940 1996 Thucyd.
968 1950 996 1985 V
1019 1976 1028 1985 .
1060 1951 1116 1984 17.
1153 1951 1205 1995 τῷ·
1224 1950 1268 1986 δὲ
1288 1951 1451 1994 ναυτικῷ
1477 1949 1546 1986 οὐκ
1571 1948 1621 1990 ἄν
1640 1946 1711 1985 ‹515-

254 2009 386 2034 ναιντο
412 1995 605 2040 βλάπτειν.
1655 2005 1659 2011 ’

302 2043 372 2085 91)
397 2042 565 2091 Thucyd.
592 2042 650 2079 lv.
680 2043 760 2077 118.
799 2044 842 2078 V.
871 2043 927 2081 18.
954 2055 1032 2091 sqq.

301 2091 369 2137 92)
394 2090 565 2138 Thucyd.
592 2090 637 2124 V.
664 2090 840 2124 65—80.
1276 2121 1305 2136 φ,

297 2136 367 2178 93)
392 2136 557 2172 Primum
586 2136 701 2184 Gylip
730 2148 773 2171 us
807 2148 891 2171 cum
919 2135 1064 2172 duabus
1096 2135 1260 2175 navibus>
1296 2140 1299 2143 ’
1333 2136 1474 2173 conieis
1502 2142 1538 2171 et
1566 2135 1709 2172 duabus

254 2183 459 2219 Corinthiis
483 2195 529 2218 eo
549 2190 687 2219 conten
716 2183 764 2226 it,
790 2182 959 2230 Thucyd.
979 2181 1038 2217 v1.
1064 2182 1142 2217 ¹04.
1178 2183 1254 2218 Dio
1282 2182 1407 2218 :xm
1429 2185 1464 2217 7.
1492 2182 1627 2230 quibus
1649 2181 1709 2217 Hi-

252 2242 379 2265 merae
407 2229 549 2265 relictis
578 2229 591 2263 i
620 2230 648 2263 si
680 2236 784 2264 terra
816 2228 1019 2274 Syracusas
1047 2228 1208 2275 profecti
1234 2235 1331 2263 sunt.
1368 2229 1538 2276 Thucyd.
1566 2227 1640 2262 vn.
1676 2229 1706 2261 1.

250 2275 365 2311 Diod.
393 2275 497 2311 XIII.
529 2278 551 2308 7
583 2242 644 2309 lin.
679 2282 715 2309 et
743 2273 952 2322 insequenti
972 2274 1253 2321 vere‘Spartani
1273 2275 1527 2313 exzflelotibas
1558 2280 1594 2309 et
1616 2273 1708 2308 Nea-

252 2321 419 2359 demodis
455 2321 839 2357 circiterrsexcentos
868 2320 999 2356 milites
1030 2320 1153 2367 gravis
1186 2325 1399 2357 armaturae
1433 2321 1527 2357 duce
1558 2319 1707 2355 Eccrito

251 2367 626 2415 Spartano‘navihus
659 2367 844 2403 onerariis
874 2367 1006 2401 eodem
1034 2366 1238 2412 miserunt,
1266 2379 1359 2421 quos
1382 2368 1611 2403 Boeotorum
1636 2371 1707 2400 tre·

251 2417 348 2450 centi
373 2421 409 2450 et
426 2414 556 2461 paullo
575 2420 660 2461 post
680 2413 870 2449 Corinthii
891 2411 1030 2459 aliique
1050 2412 1142 2449 socii
1164 2419 1283 2449 secuti
1309 2420 1406 2449 sunt.
1441 2411 1610 2459 Thucyd.
1628 2411 1704 2447 vll.

252 2461 298 2494 19
317 2468 351 2496 et
368 2462 426 2495 68.
453 2460 569 2496 Diod.
592 2459 693 2495 XIII.
713 2461 747 2494 8.
965 2486 967 2488 .

298 2507 365 2548 94)
391 2507 562 2553 Thucyd.
583 2506 643 2541 VI.
663 2506 722 2540 88.
744 2518 822 2559 sqq.
843 2505 885 2540 in
907 2503 1031 2552 specie
1054 2505 1113 2540 91.
1140 2508 1321 2553 στρατίαν
1341 2520 1380 2543 τε
1404 2507 1469 2543 ἐπὶ
1488 2506 1586 2540 νεῶν
1605 2507 1706 2552 πέμ-

248 2562 340 2601 ψετε
360 2551 536 2598 τοιαύτην
554 2555 687 2598 ἐκεῖσε,
710 2555 844 2592 οἵτινες
863 2551 1057 2599 αὐτερέται
1076 2556 1323 2598 κομισθέντες
1336 2555 1401 2588 καὶ
1421 2548 1707 2588 ὁπλιτεύσουσιν

249 2598 381 2645 εὒθῦς,
420 2603 484 2633 καὶ
516 2598 537 2634 ὅ
565 2603 630 2645 τῆς
656 2604 834 2647 στρατίας
860 2600 915 2635 ἔτι
939 2596 1229 2647 χρησιμώτερον
1254 2595 1353 2635 εἶναι
1385 2600 1544 2645 νομίζω,
1581 2596 1707 2647 ἄνδρα

247 2643 493 2696 Σπαρτιάτην
519 2643 701 2703 ἄρχοντα,
733 2645 785 2686 ὥς
804 2643 854 2682 ἄν
873 2642 959 2683 τούς
989 2657 1028 2679 τε
1058 2643 1251 2692 παρόντας
1270 2643 1430 2694 ξυντάξῃ
1453 2647 1517 2680 καὶ
1540 2644 1625 2685 τοὺς
1650 2643 1705 2692 μὴ

250 2698 431 2733 θέλοντας
452 2703 761 2742 προςαναγκασῃ.
862 2711 865 2713 >
