1848 2919
830 120 1167 165 -ffi.‚.

268 234 309 268 et
324 223 503 267 Cononis
524 221 577 265 ad
589 223 748 280 Regem
765 222 866 277 iter,
897 221 1007 282 unde
1031 223 1214 281 pecuniis
1235 234 1277 268 et
1297 226 1532 271 muneribus
1554 223 1723 281 largiter

267 291 439 334 donatus
458 288 582 333 rediit
601 294 610 316 ¹
627 294 641 316 ⁷
656 290 701 348 ³)
726 299 766 334 et
784 287 984 348 imprimis
1005 290 1197 336 Pharacis
1220 290 1439 351 discessus,
1471 308 1562 336 cum
1577 283 1731 335 Pisan?

267 359 341 401 der
372 349 496 400 classi
527 357 840 419 praeficeretur,
872 357 962 415 ejus
984 358 1187 417 jacturam
1217 355 1404 400 adduxit.
1449 361 1565 403 Haec
1586 372 1723 419 pugna

266 416 558 484 Spartanorum
573 421 756 484 consiliis
768 431 1016 485 magnopere
1032 423 1181 469 obfuit.
1213 422 1350 467 Urbes
1358 427 1520 485 praeter
1527 426 1724 487 Abydum

267 501 309 535 et
334 494 497 535 Sestum
517 496 558 519 ¹⁷
572 491 619 550 ⁴)
650 501 785 551 paene
809 498 950 537 omnes
968 497 990 520 ¹¹
995 498 1010 519 ⁷
1023 495 1092 551 ⁶),
1132 507 1158 535 a
1179 491 1597 562 Lacedaemoniorum
1627 494 1722 537 har·

266 559 407 603 mostis
437 557 583 616 quovis
615 559 736 602 modo
763 568 959 615 vexatae,
989 554 1253 603 Pharnabazo
1276 568 1316 601 et
1338 547 1515 602 Gononi
1520 574 1567 615 se
1589 560 1722 633 appli-

266 635 449 687 cuer-unt,
478 625 550 696 qui
563 624 807 668 Laconicam
830 625 962 684 ipsam
983 625 1214 683 insequenti
1236 630 1334 669 vere
1351 624 1553 668 hostiliter
1571 628 1723 682 aggre-

267 684 430 735 diuntur
460 698 582 753 atque
605 691 744 735 hostes
773 707 912 735 eorum
931 693 1116 751 pecuniis
1137 700 1365 736 sustentant
1386 700 1395 720 ¹
1412 697 1427 718 ⁷
1439 693 1503 749 ⁶).
1547 693 1607 734 At
1628 705 1723 735 ver-

266 767 381 801 sutus
389 758 632 817 Antalcidas
640 753 786 803 Pei-sas
796 766 807 787 ¹
821 764 837 785 ⁷
849 758 921 816 ⁷)
906 769 1053 803 lterum
1063 759 1273 818 Spartanis
1280 758 1613 804 reddiditanucos
1621 764 1634 786 ¹
1648 763 1663 783 ⁷
1675 761 1724 817 ⁸)

266 833 307 867 et
330 823 425 867 licet
438 838 524 882 pax
546 826 642 866 tunc
660 828 737 882 per
757 824 1034 868 Athenienses
1045 856 1061 880 ,
1091 829 1273 870 Boeotos
1291 835 1333 869 et
1348 826 1528 885 Argivos
1546 827 1723 878 discute-

265 899 400 946 retur,
430 901 567 933 tamen
588 890 778 953 fiduciam
797 890 988 949 praebuit
1008 889 1192 934 barbaris
1227 900 1269 953 et
1290 893 1459 937 conone
1485 893 1530 937 in
1561 893 1725 938 vincula

266 957 450 1014 conjecto
460 955 646 1015 pecuniis
659 956 712 1000 ad
726 973 874 1003 novam
887 958 1174 1002 exstruendam
1193 957 1364 1002 classem
1379 958 1543 1016 adjutus
1561 960 1726 1004 (1011111111

265 1022 387 1066 rediit
409 1029 421 1050 ¹
436 1028 451 1049 ⁷
464 1024 540 1080 ⁹).

321 1094 413 1135 Hoc
419 1099 601 1147 tempore
607 1088 862 1135 Rhodiorum
873 1089 1087 1148 optimates
1094 1091 1285 1149 precibus
1293 1095 1515 1150 Spartanos
1521 1092 1721 1147 adierunt,

266 1174 318 1222 ne
331 1157 505 1240 plebem
525 1154 839 1200 Atheniensium
857 1165 993 1200 rerum
1010 1167 1237 1213 amantem,
1267 1159 1370 1201 tanti
1389 1158 1584 1236 momenti
1607 1158 1722 1201 insu-²

315 1278 402 1319 173)
428 1276 482 1311 Ad
505 1287 607 1311 mare
628 1282 681 1310 est
703 1275 833 1311 missus
851 1282 894 1311 ut
915 1275 1066 1329 Cypriis
1088 1282 1125 1312 et
1145 1239 1395 1312 Phoenicibus
1424 1277 1632 1326 ceterisque
1651 1290 1723 1313 ma-

267 1324 401 1359 ritimis
424 1322 636 1358 civitatibus
657 1334 769 1357 naves
792 1323 920 1370 longas
937 1323 1157 1370 imperaret,
1185 1324 1430 1377 classemque,
1457 1336 1507 1404 gu
1509 1336 1529 1359 a
1554 1324 1724 1372 proxima

267 1377 406 1407 aestate
440 1380 543 1404 mare
573 1369 670 1404 tueri
727 1374 843 1412 osset,
869 1375 1125 1416 compararet.
1154 1369 1240 1408 dato
1269 1369 1436 1414 adjutore
1486 1370 1721 1417 harnabazo,

267 1416 465 1464 sicutipse
483 1415 663 1451 voluerat.
734 1426 791 1463 ep.
810 1416 956 1451 Conon.
980 1427 1012 1451 c.
1030 1416 1065 1451 4.
1104 1415 1151 1452 cf.
1171 1416 1327 1461 Manso,
1354 1415 1474 1451 111.2.
1496 1419 1555 1455 37.
1583 1424 1661 1452 not.
1685 1430 1721 1453 o.

267 1465 326 1499 De
346 1469 481 1499 eventu
501 1462 611 1507 hujus
631 1462 678 1496 ab
698 1462 911 1498 oratoribus
924 1465 1120 1518 tantopere
1135 1462 1348 1499 celebratae
1365 1462 1544 1499 victoriae
1558 1463 1604 1500 cs.
1616 1476 1722 1520 prae-

268 1510 402 1547 ceteris
425 1508 536 1544 wolf
551 1508 598 1543 ad
619 1508 728 1543 Dem.
747 1508 857 1564 Lept.
881 1510 915 1549 §.
936 1506 994 1543 55.
1020 1513 1059 1566 p.
1080 1510 1164 1544 286.
1183 1521 1264 1556 sqq.
1302 1509 1394 1545 Nam
1417 1509 1723 1568 Λακεδαιμόνιοι

265 1559 340 1605 μὲν
362 1555 438 1593 ἀπὸ
462 1553 595 1591 τούτου
624 1557 690 1591 τοῦ
703 1552 851 1604 χρόνου
876 1554 944 1599 τὴν
963 1553 1058 1591 κατὰ
1079 1554 1275 1592 θάλατταν
1295 1554 1417 1603 ἀρχὴν
1435 1557 1647 1604 ἀπέβαλον,
1673 1559 1724 1594 ait

265 1604 378 1641 Diod.
409 1602 510 1641 XIV
544 1602 604 1638 84.
638 1609 675 1638 et
705 1603 858 1638 Isocrat.
894 1602 1029 1651 Paneg.
1062 1603 1120 1639 41.
1156 1602 1224 1649 τὴν
1250 1604 1575 1652 Λακεδαιμὸνίωγ
1604 1605 1724 1654 ἀρχὴν

266 1654 487 1688 κατέλυσαν.

315 1700 400 1743 174)
427 1699 524 1734 Xen.
546 1698 687 1734 Hellen.
706 1698 761 1734 lv.
790 1698 825 1733 8.
848 1697 881 1733 3.
904 1711 945 1746 sq
922 1710 982 1747 q.q·
1010 1698 1084 1734 Has
1101 1696 1200 1733 enim
1213 1696 1325 1733 urbes
1338 1695 1608 1754 Dercyllidas'
1596 1711 1636 1733 m
1653 1697 1723 1734 fide

266 1745 519 1783 conservabat.
539 1744 644 1782 ’Ἐστι
670 1746 713 1782 δὲ
739 1759 808 1793 ουχ
830 1759 947 1785 ουτως
971 1748 1071 1793 ἕχον.
1109 1748 1154 1780 Εἰ
1170 1747 1213 1803 τῇ
1234 1748 1428 1801 ναυμαχία
1450 1742 1723 1801 ἐκρατήθημεν,

267 1794 380 1830 οὐδὲν
412 1790 488 1841 ἄρα
515 1794 569 1829 ἔτι
596 1795 712 1851 ἐσμέν
739 1806 773 1828 κ.
794 1807 825 1828 τ.
846 1794 879 1828 λ.
909 1799 945 1828 et
965 1793 1007 1829 5:
1034 1791 1120 1832 τοὺς
1147 1792 1221 1839 μὲν
1245 1789 1372 1830 ἰόντας
1391 1789 1584 1839 ἁρμοστὰς
1605 1794 1725 1840 φίλως

266 1843 465 1889 ἐδέχοντο,
492 1839 576 1881 τοῖς
600 1841 643 1876 δὲ
668 1838 838 1880 ἀπόντας
859 1843 1161 1893 μετεπέμποντο.

315 1889 404 1929 175)
430 1882 545 1970 Dipd.
564 1887 661 1923 XIV.
683 1887 742 1922 84.
769 1886 862 1932 Cos,
887 1886 1004 1931 Teos,
1030 1886 1162 1931 Chios,
1188 1884 1389 1934 Milylene,
1418 1884 1608 1933 Ephesus,
1634 1885 1723 1935 Ery-

267 1936 379 1970 thrae·
398 1941 434 1969 et
460 1945 481 1969 a

316 1982 401 2022 176)
428 1982 527 2017 Xen.
547 1981 686 2017 Hellen.
711 1980 772 2016 IV.
791 1980 827 2015 8.
849 1982 883 2015 7.
905 1992 982 2029 sqq.
1016 1980 1127 2016 Diod.
1147 1978 1244 2015 XIV.
1267 1979 1334 2014 84
1349 1979 1411 2017 85
1435 1999 1484 2005 -
1508 1978 1723 2015 Corinthios

266 2036 301 2064 et
326 2027 578 2066 Athenienses

315 2078 404 2117 177)
431 2073 658 2111 Praesertim
678 2073 910 2112 Tiribazum.
949 2073 1043 2109 Xen.
1066 2071 1211 2109 Hellen.
1229 2072 1289 2108 lv.
1310 2072 1344 2108 8.
1371 2073 1426 2108 14.
1461 2064 1722 2127 Tissaphernis

264 2134 537 2165 successorem,
559 2122 713 2166 Mauso,
742 2121 803 2156 III.
825 2123 859 2153 2-
882 2121 920 2170 p}
938 2120 995 2155 40.
1034 2117 1260 2156 Meminerat
1265 2119 1494 2177 proverbii·
1529 2118 1657 2155 devide
1680 2132 1724 2156 ac

264 2171 427 2219 impera,
455 2172 531 2206 τῶν
555 2183 594 2206 τε
621 2169 695 2219 μὰρ
721 2171 763 2206 ἐν
788 2170 831 2217 τῇ
851 2168 955 2225 ’Λσίᾳ
976 2166 1217 2226 Ἐλληνίδων
1222 2166 1374 2204 πόλεων
1392 2167 1724 2225 Λακεδαιμονίους

264 2220 414 2265 βασιλεῖ
429 2217 497 2254 οὐκ
516 2217 797 2253 ἀντιποιεῖσθαι
818 2214 883 2256 τάς
903 2229 941 2252 τε
962 2213 1100 2261 νήσους
1121 2213 1274 2255 ἁπάσας
1290 2219 1354 2252 καὶ
1376 2214 1441 2255 τὰς
1460 2212 1575 2253 ἄλλας
1595 2212 1724 2255 πόλεις

265 2267 398 2314 ἀρκεῖν
422 2276 557 2311 σφισιν
580 2261 818 2319 αὐτονόμους
841 2260 950 2298 εἶναι.

314 2314 398 2358 178)
425 2311 546 2359 Quam
572 2309 775 2347 amicitiam
801 2308 923 2345 obiter
943 2315 1087 2344 tantum
1109 2308 1293 2353 Struthas,
1321 2322 1437 2369 quum
1458 2308 1653 2346 Tiribazus
1674 2308 1722 2344 ad

262 2361 401 2408 Regem
428 2358 630 2416 profectus
641 2364 753 2403 esset,
792 2355 978 2401 turbavit,
1017 2356 1080 2403 qui
1115 2358 1278 2404 ἰσχυρῶς
1312 2361 1389 2398 τοῖς
1414 2357 1633 2403 Ἀθηναίοις
1659 2359 1723 2391 καὶ

264 2413 346 2489 ἑὶἴζῖ.
361 2384 990 2497 ffss’ssssffffssitlsseffiffissssssassffiff'
982 2403 1722 2498 5255..amai&¹¹¹¹>¹<'2'3¹¹‘1'1¹¹:113.‘.‘¹¹}¹{r³

263 2502 298 2537 8.
329 2504 385 2536 17.
412 2513 491 2548 sqq.
527 2499 642 2535 Diod.
663 2498 774 2534 XIV.
802 2499 862 2533 99.

312 2550 397 2589 179)
425 2550 522 2583 Xen.
548 2548 692 2582 Hellen.
719 2544 996 2583 lv.8.15.16.
1042 2542 1082 2581 Ὁ
1106 2549 1149 2580 Tc
1154 2548 1494 2603 ρίραζος---
1524 2541 1650 2592 λάθρα
1679 2553 1723 2591 γε

261 2598 393 2654 μέντοι
416 2597 533 2631 ἔδωκε
556 2592 738 2643 χρήματα
763 2593 1003 2638 Ἀνταλκίδᾳ,
1041 2590 1145 2632 ὅπως
1173 2606 1238 2639 αν,
1264 2594 1538 2650 πληρωθέντος
1548 2594 1723 2629 ναυτικοῦ

262 2641 336 2679 ὑπὸ
356 2644 679 2690 Λακεδαιιιονίων
700 2643 741 2679 οἵ
756 2654 793 2678 τε
812 2641 1007 2687 Ἀθηναῖοι
1020 2643 1083 2676 καὶ
1095 2642 1133 2677 οἱ
1148 2622 1339 2689 ξύμμαχοι
1353 2638 1477 2695 αὐτῶν
1496 2642 1559 2686 τῆς
1578 2636 1726 2699 εἰρήνης

263 2693 463 2740 προςὸεοιι
468 2703 519 2725 το.
1444 2710 1475 2724 «ι,
