<?xml version="1.0" encoding="UTF-8"?>
<!DOCTYPE html PUBLIC "-//W3C//DTD XHTML 1.0 Transitional//EN"
    "http://www.w3.org/TR/xhtml1/DTD/xhtml1-transitional.dtd">
<html xmlns="http://www.w3.org/1999/xhtml" xml:lang="en" lang="en">
 <head>
  <title>
</title>
<meta http-equiv="Content-Type" content="text/html;charset=utf-8" />
  <meta name='ocr-system' content='tesseract 3.04.00' />
  <meta name='ocr-capabilities' content='ocr_page ocr_carea ocr_par ocr_line ocrx_word'/>
</head>
<body>
  <div class='ocr_page' id='page_1' title='image "4737211_0041.png"; bbox 0 0 1848 2919; ppageno 0'>
   <div class='ocr_carea' id='block_1_1' title="bbox 0 5 44 2919">
    <p class='ocr_par' dir='ltr' id='par_1_1' title="bbox 0 5 44 2919">
     <span class='ocr_line' id='line_1_1' title="bbox 0 5 44 2919; baseline 0 0"><span class='ocrx_word' id='word_1_1' title='bbox 0 5 44 2919; x_wconf 95' lang='lat' dir='ltr'> </span> 
     </span>
    </p>
   </div>
   <div class='ocr_carea' id='block_1_2' title="bbox 860 132 1199 174">
    <p class='ocr_par' dir='ltr' id='par_1_2' title="bbox 860 132 1199 174">
     <span class='ocr_line' id='line_1_2' title="bbox 860 132 1199 174; baseline 0 -12"><span class='ocrx_word' id='word_1_2' title='bbox 860 132 1199 174; x_wconf 72' lang='lat'><strong>-30-</strong></span> 
     </span>
    </p>
   </div>
   <div class='ocr_carea' id='block_1_3' title="bbox 249 231 1750 1886">
    <p class='ocr_par' dir='ltr' id='par_1_3' title="bbox 249 231 1750 1886">
     <span class='ocr_line' id='line_1_3' title="bbox 301 231 1750 310; baseline -0.001 -32"><span class='ocrx_word' id='word_1_3' title='bbox 301 248 413 296; x_wconf 77' lang='lat' dir='ltr'>vere.</span> <span class='ocrx_word' id='word_1_4' title='bbox 460 233 634 310; x_wconf 83' lang='lat' dir='ltr'><strong>Vicani,</strong></span> <span class='ocrx_word' id='word_1_5' title='bbox 665 233 814 310; x_wconf 88' lang='lat' dir='ltr'>quique</span> <span class='ocrx_word' id='word_1_6' title='bbox 842 231 902 275; x_wconf 88' lang='lat' dir='ltr'>ibi</span> <span class='ocrx_word' id='word_1_7' title='bbox 933 232 1075 275; x_wconf 78' lang='lat' dir='ltr'>exules</span> <span class='ocrx_word' id='word_1_8' title='bbox 1107 232 1369 289; x_wconf 79' lang='lat' dir='ltr'>habitabant,</span> <span class='ocrx_word' id='word_1_9' title='bbox 1406 251 1575 293; x_wconf 88' lang='lat' dir='ltr'>quorum</span> <span class='ocrx_word' id='word_1_10' title='bbox 1604 248 1750 291; x_wconf 83' lang='lat' dir='ltr'>magna</span> 
     </span>
     <span class='ocr_line' id='line_1_4' title="bbox 300 298 1748 359; baseline 0.001 -16"><span class='ocrx_word' id='word_1_11' title='bbox 300 316 395 359; x_wconf 87' lang='lat' dir='ltr'>pars</span> <span class='ocrx_word' id='word_1_12' title='bbox 422 300 466 343; x_wconf 90' lang='lat' dir='ltr'>in</span> <span class='ocrx_word' id='word_1_13' title='bbox 497 299 707 343; x_wconf 75' lang='lat' dir='ltr'>maritimis</span> <span class='ocrx_word' id='word_1_14' title='bbox 735 313 831 343; x_wconf 90' lang='lat' dir='ltr'>orae</span> <span class='ocrx_word' id='word_1_15' title='bbox 857 298 1085 342; x_wconf 83' lang='lat' dir='ltr'>Laconicae</span> <span class='ocrx_word' id='word_1_16' title='bbox 1113 298 1291 354; x_wconf 79' lang='lat' dir='ltr'>castellis</span> <span class='ocrx_word' id='word_1_17' title='bbox 1320 302 1530 357; x_wconf 78' lang='lat' dir='ltr'>Spartanis</span> <span class='ocrx_word' id='word_1_18' title='bbox 1557 301 1748 356; x_wconf 76' lang='lat' dir='ltr'>ademtis,</span> 
     </span>
     <span class='ocr_line' id='line_1_5' title="bbox 299 351 1747 427; baseline 0.001 -16"><span class='ocrx_word' id='word_1_19' title='bbox 299 367 543 422; x_wconf 80' lang='lat' dir='ltr'>morabatur,</span> <span class='ocrx_word' id='word_1_20' title='bbox 569 381 641 410; x_wconf 88' lang='lat' dir='ltr'>eos</span> <span class='ocrx_word' id='word_1_21' title='bbox 660 366 742 422; x_wconf 64' lang='lat' dir='ltr'>sub</span> <span class='ocrx_word' id='word_1_22' title='bbox 753 366 889 409; x_wconf 84' lang='lat' dir='ltr'>lucem</span> <span class='ocrx_word' id='word_1_23' title='bbox 907 364 1141 423; x_wconf 85' lang='lat' dir='ltr'>congregati</span> <span class='ocrx_word' id='word_1_24' title='bbox 1156 351 1243 408; x_wconf 79' lang='lat' dir='ltr'>levi</span> <span class='ocrx_word' id='word_1_25' title='bbox 1256 367 1473 411; x_wconf 79' lang='lat' dir='ltr'>certamine</span> <span class='ocrx_word' id='word_1_26' title='bbox 1490 369 1747 427; x_wconf 82' lang='lat' dir='ltr'>expulerunt.</span> 
     </span>
     <span class='ocr_line' id='line_1_6' title="bbox 298 431 1749 500; baseline 0 -22"><span class='ocrx_word' id='word_1_27' title='bbox 298 438 450 478; x_wconf 88' lang='lat' dir='ltr'>Terror</span> <span class='ocrx_word' id='word_1_28' title='bbox 485 443 621 476; x_wconf 86' lang='lat' dir='ltr'>tamen</span> <span class='ocrx_word' id='word_1_29' title='bbox 659 448 820 476; x_wconf 90' lang='lat' dir='ltr'>omnem</span> <span class='ocrx_word' id='word_1_30' title='bbox 852 432 1091 500; x_wconf 85' lang='lat' dir='ltr'>maritimam</span> <span class='ocrx_word' id='word_1_31' title='bbox 1123 446 1236 475; x_wconf 88' lang='lat' dir='ltr'>oram</span> <span class='ocrx_word' id='word_1_32' title='bbox 1265 431 1466 489; x_wconf 78' lang='lat' dir='ltr'>pervasit,</span> <span class='ocrx_word' id='word_1_33' title='bbox 1510 435 1749 493; x_wconf 84' lang='lat' dir='ltr'>legatosque</span> 
     </span>
     <span class='ocr_line' id='line_1_7' title="bbox 299 493 1747 565; baseline 0.001 -20"><span class='ocrx_word' id='word_1_34' title='bbox 299 494 564 565; x_wconf 63' lang='lat' dir='ltr'>communiter</span> <span class='ocrx_word' id='word_1_35' title='bbox 588 499 755 543; x_wconf 88' lang='lat' dir='ltr'>castella</span> <span class='ocrx_word' id='word_1_36' title='bbox 776 498 911 543; x_wconf 89' lang='lat' dir='ltr'>omnia</span> <span class='ocrx_word' id='word_1_37' title='bbox 932 493 1092 558; x_wconf 80' lang='lat' dir='ltr'>vicique</span> <span class='ocrx_word' id='word_1_38' title='bbox 1112 508 1153 544; x_wconf 89' lang='lat' dir='ltr'>et</span> <span class='ocrx_word' id='word_1_39' title='bbox 1175 499 1340 555; x_wconf 88' lang='lat' dir='ltr'>exules,</span> <span class='ocrx_word' id='word_1_40' title='bbox 1371 500 1516 558; x_wconf 81' lang='lat' dir='ltr'>quibus</span> <span class='ocrx_word' id='word_1_41' title='bbox 1534 501 1593 545; x_wconf 89' lang='lat' dir='ltr'>ibi</span> <span class='ocrx_word' id='word_1_42' title='bbox 1617 502 1747 546; x_wconf 86' lang='lat' dir='ltr'>domi-</span> 
     </span>
     <span class='ocr_line' id='line_1_8' title="bbox 299 562 1748 625; baseline 0.001 -15"><span class='ocrx_word' id='word_1_43' title='bbox 299 562 405 610; x_wconf 89' lang='lat' dir='ltr'>cilia</span> <span class='ocrx_word' id='word_1_44' title='bbox 414 576 551 621; x_wconf 87' lang='lat' dir='ltr'>erant,</span> <span class='ocrx_word' id='word_1_45' title='bbox 581 567 634 609; x_wconf 86' lang='lat' dir='ltr'>ad</span> <span class='ocrx_word' id='word_1_46' title='bbox 656 565 848 609; x_wconf 82' lang='lat' dir='ltr'>Achaeos</span> <span class='ocrx_word' id='word_1_47' title='bbox 870 566 1081 610; x_wconf 86' lang='lat' dir='ltr'>miserunt.</span> <span class='ocrx_word' id='word_1_48' title='bbox 1139 567 1454 625; x_wconf 86' lang='lat' dir='ltr'>Philopoemen,</span> <span class='ocrx_word' id='word_1_49' title='bbox 1478 568 1567 624; x_wconf 83' lang='lat' dir='ltr'>jam</span> <span class='ocrx_word' id='word_1_50' title='bbox 1597 570 1748 612; x_wconf 89' lang='lat' dir='ltr'>dudum</span> 
     </span>
     <span class='ocr_line' id='line_1_9' title="bbox 298 631 1747 692; baseline 0.001 -15"><span class='ocrx_word' id='word_1_51' title='bbox 298 635 467 677; x_wconf 87' lang='lat' dir='ltr'>exulum</span> <span class='ocrx_word' id='word_1_52' title='bbox 487 648 652 676; x_wconf 84' lang='lat' dir='ltr'>caussae</span> <span class='ocrx_word' id='word_1_53' title='bbox 671 631 843 687; x_wconf 90' lang='lat' dir='ltr'>amicus,</span> <span class='ocrx_word' id='word_1_54' title='bbox 872 633 1033 691; x_wconf 84' lang='lat' dir='ltr'>legatos</span> <span class='ocrx_word' id='word_1_55' title='bbox 1061 634 1266 692; x_wconf 88' lang='lat' dir='ltr'>extemplo</span> <span class='ocrx_word' id='word_1_56' title='bbox 1288 634 1635 679; x_wconf 82' lang='lat' dir='ltr'>Lacedaemonem</span> <span class='ocrx_word' id='word_1_57' title='bbox 1653 635 1747 679; x_wconf 88' lang='lat' dir='ltr'>mit-</span> 
     </span>
     <span class='ocr_line' id='line_1_10' title="bbox 299 700 1747 760; baseline 0 -17"><span class='ocrx_word' id='word_1_58' title='bbox 299 701 443 743; x_wconf 89' lang='lat' dir='ltr'>tendas</span> <span class='ocrx_word' id='word_1_59' title='bbox 466 700 644 756; x_wconf 87' lang='lat' dir='ltr'>curavit,</span> <span class='ocrx_word' id='word_1_60' title='bbox 678 701 747 757; x_wconf 91' lang='lat' dir='ltr'>qui</span> <span class='ocrx_word' id='word_1_61' title='bbox 771 709 955 743; x_wconf 83' lang='lat' dir='ltr'>auctores</span> <span class='ocrx_word' id='word_1_62' title='bbox 979 701 1069 756; x_wconf 83' lang='lat' dir='ltr'>ejus</span> <span class='ocrx_word' id='word_1_63' title='bbox 1093 701 1267 758; x_wconf 87' lang='lat' dir='ltr'>impetus</span> <span class='ocrx_word' id='word_1_64' title='bbox 1294 701 1573 760; x_wconf 76' lang='lat' dir='ltr'>exposcerent.</span> <span class='ocrx_word' id='word_1_65' title='bbox 1615 704 1747 744; x_wconf 88' lang='lat' dir='ltr'>Lace-</span> 
     </span>
     <span class='ocr_line' id='line_1_11' title="bbox 249 766 1748 827; baseline 0.001 -18"><span class='ocrx_word' id='word_1_66' title='bbox 249 817 252 820; x_wconf 11' lang='lat'><em>*</em></span> <span class='ocrx_word' id='word_1_67' title='bbox 301 766 505 822; x_wconf 64' lang='lat' dir='ltr'>daehonii</span> <span class='ocrx_word' id='word_1_68' title='bbox 536 776 578 809; x_wconf 91' lang='lat' dir='ltr'>et</span> <span class='ocrx_word' id='word_1_69' title='bbox 608 767 662 810; x_wconf 88' lang='lat' dir='ltr'>ob</span> <span class='ocrx_word' id='word_1_70' title='bbox 692 767 772 810; x_wconf 93' lang='lat' dir='ltr'>hoc</span> <span class='ocrx_word' id='word_1_71' title='bbox 803 769 1022 824; x_wconf 85' lang='lat' dir='ltr'>superbum</span> <span class='ocrx_word' id='word_1_72' title='bbox 1054 767 1346 825; x_wconf 83' lang='lat' dir='ltr'>indignumque</span> <span class='ocrx_word' id='word_1_73' title='bbox 1375 769 1590 827; x_wconf 78' lang='lat' dir='ltr'>imperium</span> <span class='ocrx_word' id='word_1_74' title='bbox 1624 778 1665 811; x_wconf 90' lang='lat' dir='ltr'>et</span> <span class='ocrx_word' id='word_1_75' title='bbox 1695 768 1748 811; x_wconf 87' lang='lat' dir='ltr'>ob</span> 
     </span>
     <span class='ocr_line' id='line_1_12' title="bbox 300 829 1749 890; baseline 0.001 -14"><span class='ocrx_word' id='word_1_76' title='bbox 300 842 474 888; x_wconf 83' lang='lat' dir='ltr'>metum,</span> <span class='ocrx_word' id='word_1_77' title='bbox 504 848 559 875; x_wconf 91' lang='lat' dir='ltr'>ne</span> <span class='ocrx_word' id='word_1_78' title='bbox 573 831 866 890; x_wconf 84' lang='lat' dir='ltr'>Philopoemen</span> <span class='ocrx_word' id='word_1_79' title='bbox 889 834 1034 876; x_wconf 84' lang='lat' dir='ltr'>exules</span> <span class='ocrx_word' id='word_1_80' title='bbox 1052 833 1290 876; x_wconf 87' lang='lat' dir='ltr'>reducturus</span> <span class='ocrx_word' id='word_1_81' title='bbox 1310 833 1387 888; x_wconf 90' lang='lat' dir='ltr'>sit,</span> <span class='ocrx_word' id='word_1_82' title='bbox 1416 837 1479 877; x_wconf 83' lang='lat' dir='ltr'>M.</span> <span class='ocrx_word' id='word_1_83' title='bbox 1499 834 1646 878; x_wconf 81' lang='lat' dir='ltr'>Fulvio</span> <span class='ocrx_word' id='word_1_84' title='bbox 1662 829 1749 877; x_wconf 83' lang='lat' dir='ltr'>Ro-</span> 
     </span>
     <span class='ocr_line' id='line_1_13' title="bbox 300 899 1749 958; baseline 0 -15"><span class='ocrx_word' id='word_1_85' title='bbox 300 900 511 957; x_wconf 88' lang='lat' dir='ltr'>manisque</span> <span class='ocrx_word' id='word_1_86' title='bbox 531 899 675 942; x_wconf 90' lang='lat' dir='ltr'>urbem</span> <span class='ocrx_word' id='word_1_87' title='bbox 698 900 916 954; x_wconf 89' lang='lat' dir='ltr'>dederunt,</span> <span class='ocrx_word' id='word_1_88' title='bbox 947 915 1120 956; x_wconf 89' lang='lat' dir='ltr'>eumque</span> <span class='ocrx_word' id='word_1_89' title='bbox 1142 910 1187 942; x_wconf 90' lang='lat' dir='ltr'>ut</span> <span class='ocrx_word' id='word_1_90' title='bbox 1211 915 1263 942; x_wconf 87' lang='lat' dir='ltr'>ex</span> <span class='ocrx_word' id='word_1_91' title='bbox 1277 900 1580 958; x_wconf 87' lang='lat' dir='ltr'>Cephallenia</span> <span class='ocrx_word' id='word_1_92' title='bbox 1566 917 1608 943; x_wconf 86' lang='grc' dir='ltr'>ιιι</span> <span class='ocrx_word' id='word_1_93' title='bbox 1625 901 1749 943; x_wconf 82' lang='lat' dir='ltr'>Pelo-</span> 
     </span>
     <span class='ocr_line' id='line_1_14' title="bbox 298 965 1750 1030; baseline -0.001 -21"><span class='ocrx_word' id='word_1_94' title='bbox 298 982 524 1030; x_wconf 71' lang='grc' dir='ltr'><strong>Ροιιιιοειιιιι</strong></span> <span class='ocrx_word' id='word_1_95' title='bbox 554 965 734 1020; x_wconf 84' lang='lat' dir='ltr'>veniret,</span> <span class='ocrx_word' id='word_1_96' title='bbox 780 966 963 1009; x_wconf 84' lang='lat' dir='ltr'>orabant.</span> <span class='ocrx_word' id='word_1_97' title='bbox 1006 966 1070 1022; x_wconf 88' lang='lat' dir='ltr'>(a.</span> <span class='ocrx_word' id='word_1_98' title='bbox 1092 966 1191 1009; x_wconf 83' lang='lat' dir='ltr'>Ghr.</span> <span class='ocrx_word' id='word_1_99' title='bbox 1217 966 1314 1010; x_wconf 87' lang='grc'><strong>189.</strong></span> <span class='ocrx_word' id='word_1_100' title='bbox 1338 983 1380 1010; x_wconf 87' lang='grc' dir='ltr'>ιι.</span> <span class='ocrx_word' id='word_1_101' title='bbox 1404 982 1441 1011; x_wconf 86' lang='lat' dir='ltr'>c.</span> <span class='ocrx_word' id='word_1_102' title='bbox 1462 966 1588 1024; x_wconf 69' lang='lat'>5655)</span> <span class='ocrx_word' id='word_1_103' title='bbox 1646 969 1750 1009; x_wconf 77' lang='lat' dir='ltr'>Cum</span> 
     </span>
     <span class='ocr_line' id='line_1_15' title="bbox 296 1031 1749 1091; baseline -0.002 -13"><span class='ocrx_word' id='word_1_104' title='bbox 296 1033 459 1078; x_wconf 83' lang='lat' dir='ltr'>interim</span> <span class='ocrx_word' id='word_1_105' title='bbox 489 1032 648 1075; x_wconf 86' lang='lat' dir='ltr'>Achaei</span> <span class='ocrx_word' id='word_1_106' title='bbox 678 1031 900 1076; x_wconf 86' lang='lat' dir='ltr'>latrociniis</span> <span class='ocrx_word' id='word_1_107' title='bbox 928 1032 1059 1091; x_wconf 84' lang='lat' dir='ltr'>magis</span> <span class='ocrx_word' id='word_1_108' title='bbox 1083 1048 1203 1090; x_wconf 89' lang='lat' dir='ltr'>quam</span> <span class='ocrx_word' id='word_1_109' title='bbox 1220 1034 1332 1090; x_wconf 84' lang='lat' dir='ltr'>justo</span> <span class='ocrx_word' id='word_1_110' title='bbox 1353 1033 1457 1077; x_wconf 89' lang='lat' dir='ltr'>belli</span> <span class='ocrx_word' id='word_1_111' title='bbox 1476 1033 1597 1076; x_wconf 88' lang='lat' dir='ltr'>modo</span> <span class='ocrx_word' id='word_1_112' title='bbox 1617 1035 1749 1076; x_wconf 91' lang='lat' dir='ltr'>Lace-</span> 
     </span>
     <span class='ocr_line' id='line_1_16' title="bbox 297 1099 1749 1157; baseline -0.001 -13"><span class='ocrx_word' id='word_1_113' title='bbox 297 1100 603 1144; x_wconf 90' lang='lat' dir='ltr'>daemoniorum</span> <span class='ocrx_word' id='word_1_114' title='bbox 622 1099 725 1142; x_wconf 89' lang='lat' dir='ltr'>fines</span> <span class='ocrx_word' id='word_1_115' title='bbox 745 1099 1021 1155; x_wconf 84' lang='lat' dir='ltr'>devastarent,</span> <span class='ocrx_word' id='word_1_116' title='bbox 1053 1100 1197 1143; x_wconf 89' lang='lat' dir='ltr'>consul</span> <span class='ocrx_word' id='word_1_117' title='bbox 1217 1109 1406 1157; x_wconf 87' lang='lat' dir='ltr'>utrasque</span> <span class='ocrx_word' id='word_1_118' title='bbox 1422 1110 1566 1157; x_wconf 86' lang='lat' dir='ltr'>partes</span> <span class='ocrx_word' id='word_1_119' title='bbox 1571 1112 1749 1143; x_wconf 92' lang='lat' dir='ltr'>commo-</span> 
     </span>
     <span class='ocr_line' id='line_1_17' title="bbox 298 1164 1749 1223; baseline -0.002 -12"><span class='ocrx_word' id='word_1_120' title='bbox 298 1167 379 1222; x_wconf 87' lang='lat' dir='ltr'>vit,</span> <span class='ocrx_word' id='word_1_121' title='bbox 410 1176 456 1209; x_wconf 91' lang='lat' dir='ltr'>ut</span> <span class='ocrx_word' id='word_1_122' title='bbox 481 1166 630 1223; x_wconf 84' lang='lat' dir='ltr'>legatis</span> <span class='ocrx_word' id='word_1_123' title='bbox 650 1164 1001 1220; x_wconf 83' lang='lat' dir='ltr'>Romammissis,</span> <span class='ocrx_word' id='word_1_124' title='bbox 1031 1182 1159 1223; x_wconf 88' lang='lat' dir='ltr'>usque</span> <span class='ocrx_word' id='word_1_125' title='bbox 1190 1166 1243 1209; x_wconf 93' lang='lat' dir='ltr'>ad</span> <span class='ocrx_word' id='word_1_126' title='bbox 1273 1182 1412 1209; x_wconf 89' lang='lat' dir='ltr'>eorum</span> <span class='ocrx_word' id='word_1_127' title='bbox 1439 1165 1612 1209; x_wconf 88' lang='lat' dir='ltr'>reditum</span> <span class='ocrx_word' id='word_1_128' title='bbox 1635 1166 1749 1209; x_wconf 88' lang='lat' dir='ltr'>bello</span> 
     </span>
     <span class='ocr_line' id='line_1_18' title="bbox 298 1224 1750 1290; baseline -0.001 -13"><span class='ocrx_word' id='word_1_129' title='bbox 298 1232 564 1277; x_wconf 81' lang='lat' dir='ltr'>abstinerent.</span> <span class='ocrx_word' id='word_1_130' title='bbox 623 1224 1039 1276; x_wconf 83' lang='lat' dir='ltr'>Lacedaemoniorum</span> <span class='ocrx_word' id='word_1_131' title='bbox 1072 1234 1232 1279; x_wconf 87' lang='lat' dir='ltr'>exules.</span> <span class='ocrx_word' id='word_1_132' title='bbox 1252 1248 1366 1276; x_wconf 87' lang='lat' dir='ltr'>suam</span> <span class='ocrx_word' id='word_1_133' title='bbox 1398 1249 1558 1290; x_wconf 89' lang='lat' dir='ltr'>qnoque</span> <span class='ocrx_word' id='word_1_134' title='bbox 1588 1247 1750 1275; x_wconf 86' lang='lat' dir='ltr'>causam</span> 
     </span>
     <span class='ocr_line' id='line_1_19' title="bbox 295 1297 1748 1359; baseline -0.001 -16"><span class='ocrx_word' id='word_1_135' title='bbox 295 1300 628 1358; x_wconf 75' lang='lat' dir='ltr'>legationemque</span> <span class='ocrx_word' id='word_1_136' title='bbox 657 1297 848 1342; x_wconf 86' lang='lat' dir='ltr'>Achaeis·</span> <span class='ocrx_word' id='word_1_137' title='bbox 865 1299 1154 1359; x_wconf 78' lang='lat' dir='ltr'>adjunxerunt.</span> <span class='ocrx_word' id='word_1_138' title='bbox 1196 1300 1281 1343; x_wconf 88' lang='lat' dir='ltr'>Sed</span> <span class='ocrx_word' id='word_1_139' title='bbox 1307 1315 1545 1358; x_wconf 87' lang='lat' dir='ltr'>responsum</span> <span class='ocrx_word' id='word_1_140' title='bbox 1567 1299 1640 1342; x_wconf 69' lang='lat' dir='ltr'>ita=</span> <span class='ocrx_word' id='word_1_141' title='bbox 1653 1314 1748 1356; x_wconf 85' lang='lat' dir='ltr'>per-</span> 
     </span>
     <span class='ocr_line' id='line_1_20' title="bbox 296 1365 1748 1425; baseline -0.002 -15"><span class='ocrx_word' id='word_1_142' title='bbox 296 1368 464 1425; x_wconf 84' lang='lat' dir='ltr'>plexum</span> <span class='ocrx_word' id='word_1_143' title='bbox 487 1366 538 1409; x_wconf 88' lang='lat' dir='ltr'>iis</span> <span class='ocrx_word' id='word_1_144' title='bbox 561 1366 700 1408; x_wconf 88' lang='lat' dir='ltr'>datum</span> <span class='ocrx_word' id='word_1_145' title='bbox 722 1375 808 1420; x_wconf 86' lang='lat' dir='ltr'>est,</span> <span class='ocrx_word' id='word_1_146' title='bbox 837 1374 883 1407; x_wconf 85' lang='lat' dir='ltr'>ut</span> <span class='ocrx_word' id='word_1_147' title='bbox 906 1374 948 1407; x_wconf 88' lang='lat' dir='ltr'>et</span> <span class='ocrx_word' id='word_1_148' title='bbox 970 1365 1129 1416; x_wconf 56' lang='lat' dir='ltr'>Achaei</span> <span class='ocrx_word' id='word_1_149' title='bbox 1151 1365 1231 1408; x_wconf 91' lang='lat' dir='ltr'>sibi</span> <span class='ocrx_word' id='word_1_150' title='bbox 1254 1366 1307 1409; x_wconf 89' lang='lat' dir='ltr'>de</span> <span class='ocrx_word' id='word_1_151' title='bbox 1328 1366 1634 1408; x_wconf 84' lang='lat' dir='ltr'>Lacedaemone</span> <span class='ocrx_word' id='word_1_152' title='bbox 1653 1380 1748 1422; x_wconf 87' lang='lat' dir='ltr'>per-</span> 
     </span>
     <span class='ocr_line' id='line_1_21' title="bbox 298 1429 1747 1489; baseline -0.001 -14"><span class='ocrx_word' id='word_1_153' title='bbox 298 1431 467 1475; x_wconf 76' lang='lat' dir='ltr'>missum</span> <span class='ocrx_word' id='word_1_154' title='bbox 493 1431 744 1489; x_wconf 84' lang='lat' dir='ltr'>acciperent,</span> <span class='ocrx_word' id='word_1_155' title='bbox 783 1440 825 1473; x_wconf 90' lang='lat' dir='ltr'>et</span> <span class='ocrx_word' id='word_1_156' title='bbox 853 1429 1167 1474; x_wconf 83' lang='lat' dir='ltr'>Lacedaemonii</span> <span class='ocrx_word' id='word_1_157' title='bbox 1197 1447 1281 1474; x_wconf 90' lang='lat' dir='ltr'>non</span> <span class='ocrx_word' id='word_1_158' title='bbox 1309 1431 1444 1474; x_wconf 88' lang='lat' dir='ltr'>omnia</span> <span class='ocrx_word' id='word_1_159' title='bbox 1475 1446 1664 1474; x_wconf 86' lang='lat' dir='ltr'>concessa</span> <span class='ocrx_word' id='word_1_160' title='bbox 1695 1431 1747 1474; x_wconf 84' lang='lat' dir='ltr'>iis</span> 
     </span>
     <span class='ocr_line' id='line_1_22' title="bbox 294 1496 1747 1557; baseline -0.003 -13"><span class='ocrx_word' id='word_1_161' title='bbox 294 1501 666 1557; x_wconf 85' lang='lat' dir='ltr'>interpretarentur.</span> <span class='ocrx_word' id='word_1_162' title='bbox 723 1499 861 1549; x_wconf 80' lang='lat' dir='ltr'>Quare</span> <span class='ocrx_word' id='word_1_163' title='bbox 890 1496 1186 1554; x_wconf 89' lang='lat' dir='ltr'>Philopoemen</span> <span class='ocrx_word' id='word_1_164' title='bbox 1220 1513 1320 1540; x_wconf 86' lang='lat' dir='ltr'>vere</span> <span class='ocrx_word' id='word_1_165' title='bbox 1352 1497 1518 1541; x_wconf 91' lang='lat' dir='ltr'>ineunte</span> <span class='ocrx_word' id='word_1_166' title='bbox 1546 1507 1675 1540; x_wconf 88' lang='lat' dir='ltr'>castra</span> <span class='ocrx_word' id='word_1_167' title='bbox 1703 1498 1747 1540; x_wconf 94' lang='lat' dir='ltr'>in</span> 
     </span>
     <span class='ocr_line' id='line_1_23' title="bbox 294 1560 1746 1612; baseline -0.003 -1"><span class='ocrx_word' id='word_1_168' title='bbox 294 1568 399 1612; x_wconf 82' lang='lat' dir='ltr'>fines</span> <span class='ocrx_word' id='word_1_169' title='bbox 431 1560 847 1609; x_wconf 48' lang='lat' dir='ltr'>Lacedaemoniorum</span> <span class='ocrx_word' id='word_1_170' title='bbox 884 1562 1011 1606; x_wconf 80' lang='lat' dir='ltr'>movit</span> <span class='ocrx_word' id='word_1_171' title='bbox 1043 1573 1084 1606; x_wconf 91' lang='lat' dir='ltr'>et</span> <span class='ocrx_word' id='word_1_172' title='bbox 1118 1573 1301 1607; x_wconf 88' lang='lat' dir='ltr'>auctores</span> <span class='ocrx_word' id='word_1_173' title='bbox 1332 1563 1572 1608; x_wconf 85' lang='lat' dir='ltr'>defectionis</span> <span class='ocrx_word' id='word_1_174' title='bbox 1601 1564 1746 1607; x_wconf 89' lang='lat' dir='ltr'>iterum</span> 
     </span>
     <span class='ocr_line' id='line_1_24' title="bbox 296 1629 1747 1691; baseline -0.001 -15"><span class='ocrx_word' id='word_1_175' title='bbox 296 1632 534 1691; x_wconf 85' lang='lat' dir='ltr'>depoposcit</span> <span class='ocrx_word' id='word_1_176' title='bbox 551 1646 673 1687; x_wconf 89' lang='lat' dir='ltr'>quos,</span> <span class='ocrx_word' id='word_1_177' title='bbox 704 1629 827 1686; x_wconf 80' lang='lat' dir='ltr'>quum</span> <span class='ocrx_word' id='word_1_178' title='bbox 846 1630 1045 1687; x_wconf 87' lang='lat' dir='ltr'>promisso</span> <span class='ocrx_word' id='word_1_179' title='bbox 1062 1639 1249 1687; x_wconf 87' lang='lat' dir='ltr'>accepto,</span> <span class='ocrx_word' id='word_1_180' title='bbox 1280 1644 1325 1672; x_wconf 90' lang='lat' dir='ltr'>se</span> <span class='ocrx_word' id='word_1_181' title='bbox 1338 1629 1443 1672; x_wconf 90' lang='lat' dir='ltr'>nihil</span> <span class='ocrx_word' id='word_1_182' title='bbox 1458 1630 1608 1673; x_wconf 85' lang='lat' dir='ltr'>indicta</span> <span class='ocrx_word' id='word_1_183' title='bbox 1628 1646 1747 1674; x_wconf 86' lang='lat' dir='ltr'>causa</span> 
     </span>
     <span class='ocr_line' id='line_1_25' title="bbox 293 1695 1747 1772; baseline -0.003 -29"><span class='ocrx_word' id='word_1_184' title='bbox 293 1714 510 1760; x_wconf 70' lang='lat' dir='ltr'>passuros,</span> <span class='ocrx_word' id='word_1_185' title='bbox 539 1696 621 1756; x_wconf 90' lang='lat' dir='ltr'>ipsi</span> <span class='ocrx_word' id='word_1_186' title='bbox 644 1712 737 1741; x_wconf 90' lang='lat' dir='ltr'>sese</span> <span class='ocrx_word' id='word_1_187' title='bbox 757 1695 1041 1751; x_wconf 87' lang='lat' dir='ltr'>tradidissent,</span> <span class='ocrx_word' id='word_1_188' title='bbox 1072 1695 1126 1740; x_wconf 87' lang='lat' dir='ltr'>ad</span> <span class='ocrx_word' id='word_1_189' title='bbox 1151 1712 1276 1739; x_wconf 89' lang='lat' dir='ltr'>unum</span> <span class='ocrx_word' id='word_1_190' title='bbox 1302 1712 1463 1751; x_wconf 89' lang='lat' dir='ltr'>omnes,</span> <span class='ocrx_word' id='word_1_191' title='bbox 1493 1697 1747 1772; x_wconf 83' lang='lat' dir='ltr'>septuaginta</span> 
     </span>
     <span class='ocr_line' id='line_1_26' title="bbox 295 1762 1745 1821; baseline -0.003 -13"><span class='ocrx_word' id='word_1_192' title='bbox 295 1781 488 1818; x_wconf 79' lang='lat' dir='ltr'>numero,</span> <span class='ocrx_word' id='word_1_193' title='bbox 518 1763 691 1806; x_wconf 88' lang='lat' dir='ltr'>interfici</span> <span class='ocrx_word' id='word_1_194' title='bbox 703 1763 849 1818; x_wconf 79' lang='lat' dir='ltr'>jussit,</span> <span class='ocrx_word' id='word_1_195' title='bbox 884 1767 1152 1821; x_wconf 81' lang='lat' dir='ltr'>Spartamque</span> <span class='ocrx_word' id='word_1_196' title='bbox 1182 1777 1341 1815; x_wconf 89' lang='lat' dir='ltr'>rursus,</span> <span class='ocrx_word' id='word_1_197' title='bbox 1371 1762 1620 1818; x_wconf 82' lang='lat' dir='ltr'>gravissimis</span> <span class='ocrx_word' id='word_1_198' title='bbox 1647 1777 1745 1805; x_wconf 92' lang='lat' dir='ltr'>con-</span> 
     </span>
     <span class='ocr_line' id='line_1_27' title="bbox 297 1826 1742 1886; baseline -0.001 -12"><span class='ocrx_word' id='word_1_199' title='bbox 297 1830 518 1881; x_wconf 82' lang='lat' dir='ltr'>ditionibus</span> <span class='ocrx_word' id='word_1_200' title='bbox 545 1829 807 1874; x_wconf 73' lang='lat' dir='ltr'>Achaeorum</span> <span class='ocrx_word' id='word_1_201' title='bbox 836 1828 995 1872; x_wconf 84' lang='lat' dir='ltr'>foederi</span> <span class='ocrx_word' id='word_1_202' title='bbox 1024 1828 1076 1871; x_wconf 89' lang='lat' dir='ltr'>ad</span> <span class='ocrx_word' id='word_1_203' title='bbox 1105 1826 1247 1884; x_wconf 80' lang='lat' dir='ltr'>junxit</span> <span class='ocrx_word' id='word_1_204' title='bbox 1269 1833 1281 1855; x_wconf 86' lang='lat'><strong>¹</strong></span> <span class='ocrx_word' id='word_1_205' title='bbox 1295 1833 1310 1855; x_wconf 79' lang='lat'>¹</span> <span class='ocrx_word' id='word_1_206' title='bbox 1323 1827 1481 1886; x_wconf 56' lang='lat' dir='ltr'>⁹).3(a.</span> <span class='ocrx_word' id='word_1_207' title='bbox 1511 1829 1609 1873; x_wconf 86' lang='lat' dir='ltr'>Chr.</span> <span class='ocrx_word' id='word_1_208' title='bbox 1645 1830 1742 1873; x_wconf 90' lang='grc'><strong>188.</strong></span> 
     </span>
    </p>
   </div>
   <div class='ocr_carea' id='block_1_4' title="bbox 299 1890 1745 2020">
    <p class='ocr_par' dir='ltr' id='par_1_4' title="bbox 299 1890 1745 2020">
     <span class='ocr_line' id='line_1_28' title="bbox 299 1890 1745 2020; baseline -0.001 -15"><span class='ocrx_word' id='word_1_209' title='bbox 299 1913 343 1940; x_wconf 80' lang='lat'>¹¹</span> <span class='ocrx_word' id='word_1_210' title='bbox 330 1890 728 2020; x_wconf 55' lang='grc' dir='ltr'><strong>8ῑιιιιι5ξι6ιι)ἆθίιιᾶο</strong></span> <span class='ocrx_word' id='word_1_211' title='bbox 764 1959 1016 2018; x_wconf 87' lang='lat' dir='ltr'>potissimum</span> <span class='ocrx_word' id='word_1_212' title='bbox 1053 1960 1106 2004; x_wconf 90' lang='lat' dir='ltr'>ob</span> <span class='ocrx_word' id='word_1_213' title='bbox 1140 1959 1393 2004; x_wconf 89' lang='lat' dir='ltr'>reducendos</span> <span class='ocrx_word' id='word_1_214' title='bbox 1425 1960 1745 2018; x_wconf 84' lang='lat' dir='ltr'>expellendosve</span> 
     </span>
    </p>
   </div>
   <div class='ocr_carea' id='block_1_5' title="bbox 294 2025 1744 2350">
    <p class='ocr_par' dir='ltr' id='par_1_5' title="bbox 294 2025 1744 2350">
     <span class='ocr_line' id='line_1_29' title="bbox 297 2025 1744 2083; baseline -0.002 -11"><span class='ocrx_word' id='word_1_215' title='bbox 297 2029 450 2073; x_wconf 80' lang='lat' dir='ltr'>exules</span> <span class='ocrx_word' id='word_1_216' title='bbox 474 2027 596 2071; x_wconf 90' lang='lat' dir='ltr'>modo</span> <span class='ocrx_word' id='word_1_217' title='bbox 625 2027 883 2070; x_wconf 76' lang='lat' dir='ltr'>accedebant·</span> <span class='ocrx_word' id='word_1_218' title='bbox 901 2028 1160 2070; x_wconf 85' lang='lat' dir='ltr'>Achaeorum</span> <span class='ocrx_word' id='word_1_219' title='bbox 1192 2025 1376 2070; x_wconf 86' lang='lat' dir='ltr'>societati</span> <span class='ocrx_word' id='word_1_220' title='bbox 1395 2032 1405 2053; x_wconf 90' lang='lat'><strong>¹</strong></span> <span class='ocrx_word' id='word_1_221' title='bbox 1422 2027 1519 2083; x_wconf 78' lang='lat'>³⁰),</span> <span class='ocrx_word' id='word_1_222' title='bbox 1549 2027 1670 2070; x_wconf 90' lang='lat' dir='ltr'>modo</span> <span class='ocrx_word' id='word_1_223' title='bbox 1691 2028 1744 2071; x_wconf 88' lang='lat' dir='ltr'>ab</span> 
     </span>
     <span class='ocr_line' id='line_1_30' title="bbox 294 2092 1744 2151; baseline -0.002 -13"><span class='ocrx_word' id='word_1_224' title='bbox 294 2095 346 2138; x_wconf 82' lang='lat' dir='ltr'>iis</span> <span class='ocrx_word' id='word_1_225' title='bbox 368 2094 610 2138; x_wconf 88' lang='lat' dir='ltr'>deficiebant</span> <span class='ocrx_word' id='word_1_226' title='bbox 631 2099 644 2120; x_wconf 85' lang='lat'><strong>¹</strong></span> <span class='ocrx_word' id='word_1_227' title='bbox 658 2098 673 2120; x_wconf 82' lang='lat'>³</span> <span class='ocrx_word' id='word_1_228' title='bbox 688 2093 758 2150; x_wconf 87' lang='lat'>¹),</span> <span class='ocrx_word' id='word_1_229' title='bbox 788 2093 917 2136; x_wconf 80' lang='lat' dir='ltr'>donec</span> <span class='ocrx_word' id='word_1_230' title='bbox 932 2095 1136 2142; x_wconf 67' lang='lat' dir='ltr'>Romanos</span> <span class='ocrx_word' id='word_1_231' title='bbox 1152 2092 1316 2136; x_wconf 87' lang='lat' dir='ltr'>tandem</span> <span class='ocrx_word' id='word_1_232' title='bbox 1334 2093 1539 2151; x_wconf 86' lang='lat' dir='ltr'>perpetuis</span> <span class='ocrx_word' id='word_1_233' title='bbox 1557 2093 1744 2151; x_wconf 86' lang='lat' dir='ltr'>precibus</span> 
     </span>
     <span class='ocr_line' id='line_1_31' title="bbox 297 2159 1744 2216; baseline -0.001 -12"><span class='ocrx_word' id='word_1_234' title='bbox 297 2169 621 2214; x_wconf 88' lang='lat' dir='ltr'>commoverunt,</span> <span class='ocrx_word' id='word_1_235' title='bbox 650 2168 697 2202; x_wconf 90' lang='lat' dir='ltr'>ut</span> <span class='ocrx_word' id='word_1_236' title='bbox 716 2159 895 2203; x_wconf 64' lang='lat' dir='ltr'>Achaeis</span> <span class='ocrx_word' id='word_1_237' title='bbox 917 2160 1075 2202; x_wconf 88' lang='lat' dir='ltr'>bellum</span> <span class='ocrx_word' id='word_1_238' title='bbox 1105 2160 1323 2214; x_wconf 85' lang='lat' dir='ltr'>inferrent,</span> <span class='ocrx_word' id='word_1_239' title='bbox 1363 2175 1442 2216; x_wconf 91' lang='lat' dir='ltr'>quo</span> <span class='ocrx_word' id='word_1_240' title='bbox 1470 2159 1514 2202; x_wconf 87' lang='lat' dir='ltr'>hi</span> <span class='ocrx_word' id='word_1_241' title='bbox 1538 2161 1744 2216; x_wconf 90' lang='lat' dir='ltr'>Pelopon-</span> 
     </span>
     <span class='ocr_line' id='line_1_32' title="bbox 294 2224 1743 2283; baseline 0 -14"><span class='ocrx_word' id='word_1_242' title='bbox 294 2242 440 2270; x_wconf 88' lang='lat' dir='ltr'>nesum</span> <span class='ocrx_word' id='word_1_243' title='bbox 470 2226 550 2269; x_wconf 90' lang='lat' dir='ltr'>sibi</span> <span class='ocrx_word' id='word_1_244' title='bbox 579 2227 841 2282; x_wconf 83' lang='lat' dir='ltr'>subjecerunt</span> <span class='ocrx_word' id='word_1_245' title='bbox 868 2226 1035 2283; x_wconf 88' lang='lat' dir='ltr'>illisque</span> <span class='ocrx_word' id='word_1_246' title='bbox 1060 2226 1354 2283; x_wconf 87' lang='lat' dir='ltr'>aliquantulum</span> <span class='ocrx_word' id='word_1_247' title='bbox 1375 2224 1575 2269; x_wconf 85' lang='lat' dir='ltr'>libertatis</span> <span class='ocrx_word' id='word_1_248' title='bbox 1604 2226 1743 2269; x_wconf 85' lang='lat' dir='ltr'>reddi-</span> 
     </span>
     <span class='ocr_line' id='line_1_33' title="bbox 296 2293 581 2350; baseline -0.004 -14"><span class='ocrx_word' id='word_1_249' title='bbox 296 2293 443 2336; x_wconf 88' lang='lat' dir='ltr'>derunt</span> <span class='ocrx_word' id='word_1_250' title='bbox 464 2299 475 2323; x_wconf 91' lang='lat'>¹-</span> <span class='ocrx_word' id='word_1_251' title='bbox 492 2296 507 2319; x_wconf 81' lang='lat'>³</span> <span class='ocrx_word' id='word_1_252' title='bbox 518 2293 581 2350; x_wconf 87' lang='lat'>²).</span> 
     </span>
    </p>
   </div>
   <div class='ocr_carea' id='block_1_6' title="bbox 306 2370 582 2380">
    <p class='ocr_par' dir='ltr' id='par_1_6' title="bbox 306 2370 582 2380">
     <span class='ocr_line' id='line_1_34' title="bbox 306 2370 582 2380; baseline 0 0"><span class='ocrx_word' id='word_1_253' title='bbox 306 2370 582 2380; x_wconf 95' lang='lat' dir='ltr'> </span> 
     </span>
    </p>
   </div>
   <div class='ocr_carea' id='block_1_7' title="bbox 296 2401 1767 2735">
    <p class='ocr_par' dir='ltr' id='par_1_7' title="bbox 296 2401 1740 2490">
     <span class='ocr_line' id='line_1_35' title="bbox 346 2401 1740 2455; baseline -0.004 -16"><span class='ocrx_word' id='word_1_254' title='bbox 346 2408 435 2447; x_wconf 83' lang='lat'>129)</span> <span class='ocrx_word' id='word_1_255' title='bbox 462 2405 541 2442; x_wconf 81' lang='lat' dir='ltr'>liv.</span> <span class='ocrx_word' id='word_1_256' title='bbox 568 2404 780 2442; x_wconf 83' lang='lat' dir='ltr'>XXXVIII.</span> <span class='ocrx_word' id='word_1_257' title='bbox 806 2406 908 2439; x_wconf 83' lang='grc'>31-</span> <span class='ocrx_word' id='word_1_258' title='bbox 922 2405 981 2440; x_wconf 85' lang='grc'>34.</span> <span class='ocrx_word' id='word_1_259' title='bbox 1030 2406 1137 2441; x_wconf 83' lang='lat' dir='ltr'>Paus.</span> <span class='ocrx_word' id='word_1_260' title='bbox 1163 2403 1259 2440; x_wconf 86' lang='lat' dir='ltr'>VIII.</span> <span class='ocrx_word' id='word_1_261' title='bbox 1296 2404 1354 2438; x_wconf 88' lang='lat'>51.</span> <span class='ocrx_word' id='word_1_262' title='bbox 1391 2406 1423 2439; x_wconf 84' lang='lat'>1.</span> <span class='ocrx_word' id='word_1_263' title='bbox 1454 2409 1494 2455; x_wconf 78' lang='lat' dir='ltr'>et</span> <span class='ocrx_word' id='word_1_264' title='bbox 1527 2401 1606 2438; x_wconf 88' lang='lat' dir='ltr'>VII.</span> <span class='ocrx_word' id='word_1_265' title='bbox 1639 2403 1674 2441; x_wconf 87' lang='lat'>8.</span> <span class='ocrx_word' id='word_1_266' title='bbox 1706 2404 1740 2440; x_wconf 80' lang='grc'>3,</span> 
     </span>
     <span class='ocr_line' id='line_1_36' title="bbox 296 2452 656 2490; baseline -0.009 -1"><span class='ocrx_word' id='word_1_267' title='bbox 296 2453 392 2489; x_wconf 83' lang='lat' dir='ltr'>Plut.</span> <span class='ocrx_word' id='word_1_268' title='bbox 419 2452 511 2489; x_wconf 85' lang='lat' dir='ltr'>Phil.</span> <span class='ocrx_word' id='word_1_269' title='bbox 538 2466 571 2490; x_wconf 90' lang='lat' dir='ltr'>c.</span> <span class='ocrx_word' id='word_1_270' title='bbox 602 2453 656 2488; x_wconf 82' lang='lat'>16.</span> 
     </span>
    </p>

    <p class='ocr_par' dir='ltr' id='par_1_8' title="bbox 345 2498 1351 2547">
     <span class='ocr_line' id='line_1_37' title="bbox 345 2498 1351 2547; baseline -0.003 -12"><span class='ocrx_word' id='word_1_271' title='bbox 345 2503 433 2545; x_wconf 79' lang='lat'>130)</span> <span class='ocrx_word' id='word_1_272' title='bbox 459 2502 515 2542; x_wconf 80' lang='grc' dir='ltr'>(Α.</span> <span class='ocrx_word' id='word_1_273' title='bbox 538 2501 626 2536; x_wconf 86' lang='lat' dir='ltr'>Chr.</span> <span class='ocrx_word' id='word_1_274' title='bbox 654 2501 734 2535; x_wconf 84' lang='grc'><strong>182.</strong></span> <span class='ocrx_word' id='word_1_275' title='bbox 761 2511 800 2535; x_wconf 90' lang='grc' dir='ltr'>ιι.</span> <span class='ocrx_word' id='word_1_276' title='bbox 826 2511 859 2534; x_wconf 89' lang='lat' dir='ltr'>c.</span> <span class='ocrx_word' id='word_1_277' title='bbox 886 2498 987 2543; x_wconf 84' lang='lat'>572.)</span> <span class='ocrx_word' id='word_1_278' title='bbox 1012 2499 1144 2547; x_wconf 84' lang='lat' dir='ltr'>Polyb.</span> <span class='ocrx_word' id='word_1_279' title='bbox 1172 2498 1290 2540; x_wconf 87' lang='lat' dir='ltr'>XXV.</span> <span class='ocrx_word' id='word_1_280' title='bbox 1316 2500 1351 2532; x_wconf 87' lang='lat'>2.</span> 
     </span>
    </p>

    <p class='ocr_par' dir='ltr' id='par_1_9' title="bbox 346 2546 817 2591">
     <span class='ocr_line' id='line_1_38' title="bbox 346 2546 817 2591; baseline -0.009 -9"><span class='ocrx_word' id='word_1_281' title='bbox 346 2549 432 2591; x_wconf 87' lang='lat'>131)</span> <span class='ocrx_word' id='word_1_282' title='bbox 457 2548 564 2583; x_wconf 84' lang='lat' dir='ltr'>Paus.</span> <span class='ocrx_word' id='word_1_283' title='bbox 593 2546 670 2582; x_wconf 87' lang='lat' dir='ltr'>VII.</span> <span class='ocrx_word' id='word_1_284' title='bbox 698 2549 755 2581; x_wconf 87' lang='grc'><strong>12.</strong></span> <span class='ocrx_word' id='word_1_285' title='bbox 783 2549 817 2580; x_wconf 81' lang='lat'>2.</span> 
     </span>
    </p>

    <p class='ocr_par' dir='ltr' id='par_1_10' title="bbox 297 2578 1767 2735">
     <span class='ocr_line' id='line_1_39' title="bbox 348 2578 1767 2651; baseline -0.001 -24"><span class='ocrx_word' id='word_1_286' title='bbox 348 2596 431 2639; x_wconf 82' lang='lat'>132)</span> <span class='ocrx_word' id='word_1_287' title='bbox 460 2594 581 2630; x_wconf 86' lang='lat' dir='ltr'>Strab.</span> <span class='ocrx_word' id='word_1_288' title='bbox 608 2593 704 2629; x_wconf 85' lang='lat' dir='ltr'>VIII.</span> <span class='ocrx_word' id='word_1_289' title='bbox 731 2593 814 2629; x_wconf 83' lang='lat'><strong>365.</strong></span> <span class='ocrx_word' id='word_1_290' title='bbox 845 2590 906 2626; x_wconf 87' lang='lat' dir='ltr'>fin.</span> <span class='ocrx_word' id='word_1_291' title='bbox 944 2589 1176 2638; x_wconf 71' lang='grc' dir='ltr'><strong>ἐτιμήθησαν</strong></span> <span class='ocrx_word' id='word_1_292' title='bbox 1207 2578 1477 2651; x_wconf 72' lang='grc' dir='ltr'><strong>διαφερόντως</strong></span> <span class='ocrx_word' id='word_1_293' title='bbox 1495 2591 1559 2625; x_wconf 81' lang='grc' dir='ltr'>καὶ</span> <span class='ocrx_word' id='word_1_294' title='bbox 1589 2590 1767 2649; x_wconf 80' lang='grc' dir='ltr'><strong>ἔμειναν,</strong></span> 
     </span>
     <span class='ocr_line' id='line_1_40' title="bbox 298 2638 1743 2689; baseline -0.004 -10"><span class='ocrx_word' id='word_1_295' title='bbox 298 2640 511 2689; x_wconf 66' lang='grc' dir='ltr'><strong>ἐλεύθεροι,</strong></span> <span class='ocrx_word' id='word_1_296' title='bbox 538 2640 605 2677; x_wconf 64' lang='grc' dir='ltr'>πλῖ</span> <span class='ocrx_word' id='word_1_297' title='bbox 591 2655 637 2687; x_wconf 80' lang='grc' dir='ltr'>ην</span> <span class='ocrx_word' id='word_1_298' title='bbox 662 2645 737 2678; x_wconf 80' lang='grc' dir='ltr'>τῶν</span> <span class='ocrx_word' id='word_1_299' title='bbox 761 2642 926 2689; x_wconf 78' lang='grc' dir='ltr'><strong>φιλικῶν</strong></span> <span class='ocrx_word' id='word_1_300' title='bbox 955 2640 1011 2674; x_wconf 62' lang='lat' dir='ltr'>aa</span> <span class='ocrx_word' id='word_1_301' title='bbox 998 2643 1196 2687; x_wconf 78' lang='grc' dir='ltr'><strong>ιιουργιῶν</strong></span> <span class='ocrx_word' id='word_1_302' title='bbox 1218 2638 1309 2676; x_wconf 74' lang='grc' dir='ltr'>ἄλλο</span> <span class='ocrx_word' id='word_1_303' title='bbox 1339 2640 1598 2678; x_wconf 60' lang='grc' dir='ltr'>συντελοῦντες</span> <span class='ocrx_word' id='word_1_304' title='bbox 1619 2638 1743 2675; x_wconf 78' lang='grc' dir='ltr'><strong>οὐδέν.</strong></span> 
     </span>
     <span class='ocr_line' id='line_1_41' title="bbox 297 2670 1244 2735; baseline -0.004 -11"><span class='ocrx_word' id='word_1_305' title='bbox 297 2688 344 2724; x_wconf 83' lang='lat' dir='ltr'>cf.</span> <span class='ocrx_word' id='word_1_306' title='bbox 372 2670 529 2732; x_wconf 85' lang='lat' dir='ltr'>Manso,</span> <span class='ocrx_word' id='word_1_307' title='bbox 557 2688 618 2722; x_wconf 88' lang='grc' dir='ltr'><strong>ΙΙΙ.</strong></span> <span class='ocrx_word' id='word_1_308' title='bbox 645 2702 682 2735; x_wconf 86' lang='lat' dir='ltr'>p.</span> <span class='ocrx_word' id='word_1_309' title='bbox 707 2688 790 2722; x_wconf 80' lang='lat'><strong>444.</strong></span> <span class='ocrx_word' id='word_1_310' title='bbox 818 2699 895 2735; x_wconf 85' lang='lat' dir='ltr'>sqq.</span> <span class='ocrx_word' id='word_1_311' title='bbox 1241 2712 1244 2715; x_wconf 77' lang='lat'>.</span> 
     </span>
    </p>
   </div>
   <div class='ocr_carea' id='block_1_8' title="bbox 1827 1934 1848 2919">
    <p class='ocr_par' dir='ltr' id='par_1_11' title="bbox 1827 1934 1848 2919">
     <span class='ocr_line' id='line_1_42' title="bbox 1827 1934 1848 2919; baseline 0 0"><span class='ocrx_word' id='word_1_312' title='bbox 1827 1934 1848 2919; x_wconf 95' lang='lat' dir='ltr'> </span> 
     </span>
    </p>
   </div>
  </div>
 </body>
</html>
