1848 2919
670 153 1004 196 -95ψ

116 234 252 317 plures
282 252 341 295 ibi
364 251 611 294 calamitates
636 254 922 309 Peloponnesii
943 256 1101 313 experti
1125 271 1171 312 ει·
1207 272 1243 309 ε,
1275 251 1564 299 Pharnabazus

116 338 248 369 tamen
280 331 436 362 summa
468 317 551 358 fide
582 327 622 359 et
649 322 871 364 constantia
897 338 968 366 eos
993 322 1237 379 adjuvabat,
1266 335 1402 377 neque
1424 319 1560 373 vitae,

115 403 188 436 nec
209 385 335 448 copiis
354 383 442 428 suis
458 382 672 439 parcebat,
702 385 869 430 afflictos
883 389 1188 444 consolabatur,
1218 388 1272 432 ad
1293 387 1473 445 inopiam
1491 402 1559 430 re-

115 459 252 500 dactos
269 447 553 508 largitionibus
573 448 815 498 sublevabat
836 453 963 496 donec
987 455 1087 514 Gyri
1111 455 1337 499 liberalitas
1361 454 1562 509 despera-

114 534 176 567 tas
200 535 338 565 eorum
360 530 426 559 res
448 513 583 557 denuo
607 515 771 558 erexit'’
794 522 808 543 ³
821 520 910 575 ³⁰1).
935 522 1047 577 ‘Nam
1060 520 1126 563 hic
1142 521 1272 579 magis
1294 520 1418 564 etiam
1428 519 1563 562 Phar-

114 589 268 632 nabazo
294 580 637 627 Lacedaemonios
669 582 827 638 adjuvit
846 589 891 610 ³³
904 585 968 641 ¹),
1005 587 1092 640 jam
1118 588 1252 629 statim
1284 588 1336 629 ab
1361 586 1478 629 initio
1508 585 1560 627 iis

115 655 264 700 amicus
277 657 291 678 ³
304 656 318 677 ³
330 648 391 706 ²),
410 647 594 705 quamvis
602 648 910 706 Tissaphernes,
931 651 1159 695 Alcibiadis
1171 653 1323 696 artibus
1335 663 1558 711 permotus,

117 737 207 766 eum
222 721 458 769 hortaretur,
484 732 537 758 ne
560 725 690 759 utram
714 726 869 773 partem
888 716 1092 760 victricem
1112 720 1315 773 redderet,
1334 721 1408 762 sed
1423 720 1560 777 potius

116 790 282 832 alteram
304 783 475 826 alteram
500 792 708 826 conterere
735 782 912 826 sineret³
926 788 940 809 ³
954 785 1014 842 ³).
1057 785 1271 844 Lysander
1301 787 1558 830 ambitiosum

109 857 299 911 juvenem
319 849 372 892 ad
393 864 492 891 suae
513 848 762 906 reipublicae
780 852 988 895 commoda
1009 852 1156 895 arctius
1173 852 1401 908 adstrinxit,
1431 870 1558 910 seque

115 919 220 977 apud
240 931 331 960 eum
356 916 577 960 insinuavit
596 917 677 972 ita,
706 928 751 960 ut
767 917 970 975 pollicitus
996 914 1069 962 sit:
1097 919 1132 961 si
1149 919 1370 975 quingenta
1388 920 1560 974 talenta,
1599 945 1604 953 =

115 1000 215 1043 quae
245 999 270 1026 a
300 992 415 1040 patre
447 983 669 1041 accepisset
699 1000 780 1026 non
816 984 1067 1040 sufficerent,
1107 1002 1152 1028 se
1182 1001 1264 1028 non
1291 985 1475 1029 dubitare
1504 987 1559 1029 de

115 1055 166 1096 de
184 1051 266 1095 suis
282 1049 367 1112 =alia
385 1049 561 1105 addere,
592 1050 710 1107 quin,
740 1051 777 1094 si
798 1066 848 1094 ea
870 1067 1030 1109 quoque
1058 1061 1194 1094 essent
1225 1061 1455 1107 consumta,
1486 1068 1556 1095 so-

113 1120 223 1173 lium,
240 1133 319 1174 quo
329 1117 485 1171 sedeat,
502 1132 554 1160 ex
568 1133 665 1160 auro
681 1128 930 1175 argentoque
941 1119 1090 1162 factum
1106 1134 1150 1160 se
1165 1124 1443 1161 contusumm³
1457 1124 1471 1145 ³
1484 1120 1529 1175 ⁴)
1543 1136 1557 1172 ;

114 1184 292 1243 quamvis
327 1183 506 1227 Atticam
542 1184 797 1240 drachmam,
849 1200 968 1242 quam
1003 1184 1217 1243 Lysander
1254 1185 1557 1242 postulaverat,

114 1262 157 1295 ut
186 1249 499 1294 Atheniensium
532 1250 760 1293 classiarios
785 1251 836 1294 ad
864 1268 909 1294 se
934 1249 1167 1309 pelliceret,
1197 1249 1273 1293 ille
1298 1267 1382 1294 non
1406 1266 1558 1308 suppe-

113 1318 276 1370 ditaret,
307 1325 444 1358 tamen
464 1316 650 1359 diurnum
672 1317 919 1375 stipendium
937 1318 1057 1386 939ng
1080 1317 1194 1360 auxit
1210 1323 1225 1343 ³
1240 1323 1254 1344 ³
1268 1325 1282 1346 ⁵
1293 1319 1330 1375 ).
1345 1344 1394 1350 —-
1417 1317 1557 1358 Minus

110 1387 239 1442 Cyrus
262 1382 497 1440 simpliciet
515 1395 625 1426 recto
642 1384 928 1426 Callicratidae
949 1360 1083 1427 animo
1109 1385 1298 1439 favebat,
1330 1398 1454 1440 quare
1470 1383 1556 1425 for-

106 1460 213 1492 tasse
236 1450 438 1508 stipendio
459 1451 698 1507 prolatando
715 1455 728 1476 ³
741 1456 756 1477 ³
768 1454 814 1507 6)
838 1450 998 1493 efficere
1013 1452 1233 1494 conabatur
1245 1461 1290 1494 ut
1302 1450 1559 1509 Lysandrum

105 1517 294 1573 Spartani
313 1518 578 1559 remitterent.
620 1516 705 1558 Sed
732 1530 822 1557 cum
845 1516 1037 1570 vidisset,
1067 1517 1156 1559 fieri
1180 1533 1327 1574 posse,
1357 1526 1403 1559 ut
1424 1520 1557 1559 Lace·-

102 1582 305 1625 daemonii
334 1583 377 1625 in
407 1583 610 1640 quoddam
640 1591 747 1625 certe
779 1592 939 1640 tempus
969 1583 1058 1638 ejus
1091 1582 1236 1640 opibus
1265 1592 1473 1637 carerent,
1505 1598 1558 1625 ne

101 1665 171 1692 eos
191 1649 465 1704 abalienaret,
498 1647 743 1706 stipendium
759 1661 903 1706 postea
922 1649 1031 1693 misit
1047 1655 1061 1675 ³
1075 1654 1089 1675 ³
1102 1651 1165 1707 ⁷).
1196 1654 1312 1694 Tunc
1336 1649 1445 1693 enim
1469 1651 1556 1707 Gy-

98 1733 167 1762 rus
191 1717 280 1773 jam
314 1716 481 1759 nimium
506 1716 717 1774 Spartanis
751 1715 965 1761 adstrictus
993 1715 1123 1759 fuisse
1153 1716 1340 1772 videtur,
1382 1716 1556 1774 expedi-

98 1783 249 1826 tionem
266 1775 462 1826 adversus
471 1776 639 1826 fratrem
650 1786 924 1826 Artaxerxem
931 1782 1021 1838 ujam
1035 1784 1078 1826 in
1093 1783 1228 1827 animo
1248 1785 1421 1835 volvens
1436 1790 1450 1810 ³
1464 1790 1478 1810 ³
1490 1788 1506 1810 ⁸
1516 1785 1553 1840 ).

98 1850 281 1894 Maxime
308 1866 406 1893 vero
432 1849 643 1912 Spartanis
675 1849 847 1907 profuit,
878 1864 968 1891 cum
994 1852 1101 1893 Susa
1128 1850 1271 1894 abiens
1296 1851 1554 1911 Lysandrum

99 1917 213 1973 quasi
243 1917 288 1958 in
323 1917 456 1959 locum
488 1932 605 1959 suum
628 1915 915 1971 substitueret,
947 1932 1169 1973 omnesque
1199 1912 1417 1975 pecunias,
1449 1915 1554 1973 quae¹

144 2059 234 2104 330)
262 2060 435 2107 Hrueger
452 2058 507 2094 -ad
531 2058 687 2105 Dionys.
714 2071 752 2106 p.
778 2059 860 2094 361.

143 2115 229 2176 331)
252 2118 421 2177 Thucyd.
444 2117 488 2171 ¹¹.-
514 2117 581 2175 65⁶.
609 2116 628 2154 ὅ
660 2120 822 2175 (Κῦρος)
845 2122 1004 2165 παρεῖχε
1028 2115 1206 2176 χρήματα
1226 2120 1550 2163 Πελοποννησίοις

98 2165 134 2203 ἐς
153 2179 194 2201 το
220 2177 410 2203 ναυτικον·
434 2165 504 2200 fuit
524 2171 700 2213 Καρανος
718 2178 793 2201 των
810 2167 846 2204 ἐς
865 2167 1070 2200 Καστωλον
1092 2168 1386 2211 αι’)ροιζομένων.
1415 2165 1460 2200 de
1472 2178 1548 2213 quo

97 2223 131 2246 v.
153 2212 327 2255 Schneidr.
352 2213 398 2250 ad
417 2214 514 2249 Xen.
540 2213 680 2249 Hellen.
707 2211 735 2248 Ι.
758 2213 792 2248 4.
811 2213 845 2247 3.
872 2219 908 2247 et
931 2213 1166 2248 Bornemann
1190 2211 1236 2248 ad
1248 2212 1364 2248 Anah.
1394 2211 1422 2247 Ι.
1454 2215 1485 2247 1.
1511 2218 1547 2249 2.

142 2271 230 2314 332)
256 2272 355 2307 Xen.
383 2272 524 2307 Hellen.
550 2270 578 2306 Ι.
603 2271 640 2307 4.
669 2272 703 2305 2.
730 2277 766 2306 et
791 2270 816 2305 l.
844 2271 878 2308 5.
905 2272 940 2306 3.

143 2327 229 2371 333)
255 2330 353 2365 Xen.
378 2330 521 2366 Hellen.
548 2328 576 2364 Ι.
606 2329 639 2364 5.
665 2330 699 2364 9.

143 2384 233 2427 334)
259 2388 355 2425 Xen.
375 2387 520 2424 Hellen.
546 2387 635 2425 1..5.
661 2388 696 2424 3.

143 2441 310 2485 335)'1b.
337 2445 373 2481 4.
401 2457 479 2494 sqq.
505 2448 546 2484 ἐκ
566 2446 609 2484 δὲ
628 2443 759 2482 τούτου
777 2449 942 2493 τέτταρες
959 2445 1087 2492 ὀβολοὶ
1117 2441 1163 2491 ἦν
1183 2446 1202 2484 ὁ
1222 2445 1379 2494 μισθὸς,
1406 2445 1549 2495 πρότε-

99 2500 166 2530 ρον
187 2492 229 2526 δὲ
252 2491 468 2539 τριώβολον.
990 2503 994 2505 ’

143 2545 233 2588 336)
259 2551 358 2585 Xen.
385 2552 527 2586 Hellen.
547 2551 574 2586 Ι.
603 2550 638 2585 6.
660 2553 694 2586 7.
728 2552 1025 2599 Καλλικρατίδας
1052 2552 1113 2596 δὲ,
1148 2550 1357 2598 ἀχθεσθεὶς
1386 2555 1427 2598 τῆ
1449 2552 1548 2589 ἄνα·-

96 2593 204 2640 βῢλῇ,
230 2600 292 2632 καὶ
314 2603 394 2638 ταῖς
413 2600 476 2635 ἐπὶ
498 2596 562 2638 τὰς
578 2596 699 2647 θύρας
718 2596 936 2646 φοιτήσεσιν
956 2598 1143 2645 ὀργιςθείς
1161 2613 1195 2633 κ.
1217 2613 1247 2634 τ.
1265 2602 1297 2635 λ.
1409 2592 1419 2603 ⁸

146 2650 235 2691 337)
260 2655 357 2690 Xen.
378 2656 518 2691 Hellen.
537 2655 565 2691 Ι.
592 2656 628 2694 6.
656 2657 710 2690 18.

140 2707 233 2750 338)
259 2711 301 2746 cf.
331 2726 443 2762 supra
470 2727 505 2762 p.
533 2714 592 2749 63.
621 2727 658 2750 n.
688 2714 766 2747 150-

1179 2777 1250 2824 726
