1848 2919
790 107 845 116 ..-
931 84 961 126 2
1045 108 1101 115 -

209 185 455 245 praebuisse
476 184 664 238 videtur3
694 184 771 228 hoc
796 184 990 242 oppidum
1013 183 1147 228 omnia
1162 181 1435 242 conjungebat
1446 185 1671 240 commoda,

219 270 322 312 quae
350 253 548 311 populum
572 252 763 296 libertate
790 250 1020 310 praeditum
1049 262 1169 308 atque
1199 251 1422 303 industriae
1450 264 1490 295 et
1517 268 1674 296 merca-

219 332 333 364 turae
354 319 578 363 studiosum
602 329 642 362 et
662 318 830 362 divitem
849 327 890 360 et
911 319 1147 374 opulentem
1168 318 1343 360 reddere
1356 330 1556 376 poterant.
1589 319 1674 363 Sed

219 386 426 431 servitutis
444 387 592 442 jugum
616 383 773 428 incolas
795 384 919 428 valde
940 384 1215 441 deprimebat,
1246 393 1286 427 et
1307 384 1489 429 instituta
1507 400 1672 439 severa,

219 469 245 497 a
264 451 493 511 peregrinis
511 452 686 510 negotiis
707 449 862 505 aliena,
894 450 996 492 haec
1014 450 1116 494 situs
1138 450 1348 494 commoda
1371 451 1672 496 subverterunt.

281 518 552 578 Gytheum„;.in
574 519 720 560 dextra
734 519 913 559 Eurotae
931 516 1020 574 ripa
1042 517 1165 560 situm
1185 528 1272 561 erat
1286 518 1331 575 ⁵)
1353 517 1518 574 triginta
1532 518 1675 563 stadiis

221 587 274 630 ab
295 584 443 642 Aegiis
458 583 528 642 ⁶),
560 582 829 641 quadraginta
858 583 911 625 ab
943 582 1094 641 oppido
1122 585 1246 642 La7)
1274 595 1396 641 atque
1426 585 1609 629 ducentis
1635 597 1676 630 et

222 652 491 710 quadraginta
512 652 565 694 ab
588 651 691 693 urbe
709 649 799 708 ipsa
821 652 969 707 Sparta
985 650 1033 708 ⁸)
1056 662 1271 694 remotum.

278 718 360 762 Hic
378 718 556 768 maxima
576 715 846 774 discrepantia
865 716 971 759 inter
995 719 1238 769 Strabonem
1255 728 1296 761 et
1310 718 1528 777 Polybium
1548 719 1676 762 inter-

224 784 354 839 cedit,
395 782 589 827 cumrhic
608 783 655 839 ⁹)
689 782 895 841 Gytheum
924 783 1089 841 triginta
1122 794 1277 827 tantum
1310 784 1451 827 stadiis
1485 786 1538 828 ab
1575 784 1677 828 urbe

224 907 359 957 ἑορτὴν
382 905 555 955 ἅγουσὶν,
582 903 676 943 ἄλλα
700 921 738 967 μ
760 909 798 949 ἐς
820 906 863 945 τὰ
887 906 1067 956 δρώμενα
1090 907 1272 956 λέγοντες,
1297 909 1361 944 καὶ
1384 904 1434 949 ὥς
1452 906 1591 958 βότρυν
1613 910 1676 946 ἔν-

224 959 349 991 meaa
372 955 663 1003 ἀνευρίσκουσιν
682 960 838 1002 apator.
854 975 897 983 —
911 956 1153 991 Fertilitatem
1170 955 1298 990 Heliae
1319 955 1496 1002 regionis,
1518 956 1580 991 cui
1601 958 1676 1004 Gy-

224 1003 349 1037 theum
368 1001 560 1045 imminet,
584 1001 727 1036 indicat
752 1002 881 1049 Polyb.
905 1003 948 1036 V.
974 1002 1030 1037 19.
1057 1005 1112 1047 7.,
1150 1001 1247 1047 ἥτις,
1285 1001 1438 1044 (Eua)
1470 1005 1591 1048 ἐστὶν,
1629 1003 1679 1044 ὠς

225 1048 322 1098 πρὸς
358 1052 456 1096 ιέρος
477 1052 742 1094 θεωρουμένη,
781 1051 928 1093 πλείςτη
949 1052 1014 1084 καὶ
1034 1051 1210 1095 καλλίστη
1224 1047 1335 1097 χώρα
1355 1053 1417 1094 τῆς
1437 1053 1674 1095 Λακωνικῆς.

274 1096 313 1133 5)
361 1095 422 1129 ‘on
450 1094 642 1141 intelligo,
677 1094 766 1141 quid
795 1094 1048 1131 Reichardum
1078 1095 1255 1138 moverit,
1289 1101 1331 1130 ut
1353 1096 1391 1130 in
1414 1096 1675 1144 Geographica

227 1153 292 1176 sua
303 1141 391 1176 Pelo
422 1141 549 1175 onnesi
563 1141 687 1175 tabula
699 1143 736 1183 (a
752 1141 800 1175 D.
818 1141 974 1187 Campio
988 1141 1073 1176 edit.
1088 1142 1163 1176 tab.
1178 1141 1376 1176 IV.·denuo
1390 1149 1535 1178 exarata
1555 1145 1673 1189 1822.)

225 1189 358 1224 urbem
415 1188 570 1235 ytheum
594 1188 632 1223 in
654 1186 801 1223 sinistra
825 1188 988 1224 Eurotae
1008 1187 1091 1235 ripa
1113 1194 1149 1223 et
1169 1187 1296 1236 Aegias
1317 1194 1353 1222 et
1369 1187 1530 1225 Croceas
1553 1203 1574 1226 a
1593 1191 1675 1239 Gy-

226 1237 312 1271 theo
334 1234 564 1270 occidentem
589 1236 837 1278 (motbzsmcst)
860 1248 989 1271 versus
1011 1235 1245 1282 designaret,
1272 1245 1357 1271 cum
1377 1236 1512 1272 Strabo
1530 1237 1676 1273 disertis

226 1281 350 1318 verbis
371 1281 444 1316 ait:
472 1280 565 1316 vm.
588 1281 670 1321 353-
689 1293 721 1316 c.
749 1280 818 1316 εἶθ’
844 1280 863 1316 ὀ
888 1280 1066 1331 Εὐρώτας
1086 1284 1262 1318 ἐκδίδωσι
1283 1282 1424 1329 μεταξὺ
1447 1287 1590 1320 Γυθίου
1613 1288 1676 1320 καὶ

223 1330 407 1379 Ἀκραίων
442 1326 487 1364 cf.
508 1327 597 1364 ibid.
623 1340 657 1375 p.
680 1328 763 1364 343.
789 1331 966 1367 ἐκδίδωσι
991 1328 1034 1375 (ὁ
1060 1327 1259 1378 Εὐρώτας)
1282 1328 1423 1375 μεταξύ
1445 1335 1587 1368 Γυθίου
1611 1336 1676 1368 τοῦ

228 1381 289 1423 τῆς
310 1375 486 1426 Σπάρτης
507 1378 674 1413 ἔπίνείου
697 1379 761 1411 καὶ
783 1381 982 1425 Λκραίων,
1018 1382 1052 1412 et
1079 1377 1236 1412 Pausan.
1263 1376 1324 1412 ΙΙΙ.
1350 1382 1402 1414 21,
1430 1379 1464 1412 5.
1499 1378 1608 1415 Νίεπὶ
1632 1381 1676 1416 δὲ

228 1428 398 1484 Κροκέας
432 1422 709 1471 ἀποτραπεῖσιν
743 1425 780 1462 ἐς
812 1422 941 1464 δεξιὰν
974 1422 1051 1459 ἀπὸ
1086 1426 1149 1466 τῆς
1172 1426 1208 1462 ἐς
1230 1421 1373 1459 Γύθιον
1408 1425 1577 1472 εὐθείας,
1613 1429 1677 1464 ἐπὶ

227 1474 399 1519 πολισμα
420 1470 517 1516 ἥξεις
531 1474 687 1517 Αἰγίας,
718 1469 770 1505 ita
797 1477 839 1506 ut
862 1471 1027 1506 Croceae
1047 1469 1148 1517 ipsae
1171 1482 1282 1517 supra
1303 1471 1488 1519 Gytheum
1510 1475 1676 1517 jacerent

227 1531 376 1556 necesse
388 1517 447 1563 sit,
475 1524 510 1552 et
522 1518 648 1564 paullo
668 1517 784 1563 magis
803 1518 850 1552 ad
862 1517 1104 1552 Occidentem
1118 1516 1266 1563 Aegiae‚
1281 1530 1401 1569 neque
1413 1530 1502 1553 vero
1512 1521 1676 1555 Croceae

228 1567 266 1601 in
293 1566 422 1600 dextra
453 1569 489 1598 et
520 1559 654 1646 Λῗαο
680 1569 717 1596 et
743 1563 931 1610 Gytheum
951 1563 991 1597 in
1014 1562 1165 1598 sinistra
1190 1562 1292 1597 fluvii
1318 1575 1413 1610 ripa.
1440 1585 1487 1590 —
1518 1567 1676 1602 Eoreoffe

228 1615 301 1649 hoc
320 1611 482 1647 Mueller
504 1607 544 1645 in
602 1609 781 1657 eograph.
796 1609 919 1657 Pelop.
941 1610 1067 1646 tabula
1089 1609 1135 1645 ad
1157 1609 1295 1645 calcem
1315 1610 1402 1646 libri
1420 1610 1498 1658 sui,
1526 1595 1586 1648 di'e
1601 1594 1677 1650 130-

228 1660 328 1704 rier,
354 1656 576 1693 emendavit.
602 1657 803 1693 Pausanias
824 1657 923 1692 enim
945 1669 966 1693 a
990 1656 1242 1704 septentrione
1262 1657 1468 1702 descendit,
1496 1668 1677 1696 memorat

229 1708 414 1750 Croceas‚
441 1705 490 1740 Ae
518 1704 591 1749 ias,
619 1704 829 1752 Gytheum,
855 1703 989 1739 deinde
1013 1704 1059 1739 ad
1081 1703 1269 1739 sinistram
1291 1715 1451 1752 pergens
1477 1706 1677 1743 Trinasum

228 1753 412 1797 nominat,
438 1752 491 1787 He
506 1764 590 1796 um,
618 1751 743 1787 Aerias
765 1758 833 1786 cet.
884 1752 981 1786 Num
1009 1751 1203 1798 probabile
1230 1758 1300 1789 est.
1336 1752 1492 1788 Pausan.
1512 1754 1677 1802 primum

230 1802 420 1849 Gytheum
440 1818 490 1826 -—
513 1800 612 1846 apud
643 1798 846 1834 Reichard.
880 1798 927 1833 ad
958 1804 1082 1833 ortum
1107 1819 1155 1825 -
1180 1798 1312 1833 deinde
1338 1799 1536 1835 Trinasum
1563 1824 1604 1829 —
1631 1804 1674 1838 ad

230 1859 405 1884 occasum
428 1868 470 1874 —
490 1845 707 1881 describere
721 1870 730 1888 ‚
759 1851 796 1879 et
817 1855 838 1878 a
858 1844 1013 1879 Trinaso
1033 1845 1079 1880 ad
1097 1845 1230 1879 Helum
1250 1857 1426 1892 pergere,
1455 1847 1600 1895 Gytheo
1622 1849 1677 1884 in-

229 1892 497 1941 terposito?—
516 1892 644 1939 Neque
666 1891 704 1926 in
723 1890 906 1937 Philippi,
933 1903 1053 1937 neque
1071 1891 1110 1926 in
1123 1890 1419 1938 Philopoemenis
1438 1894 1677 1940 eipediuoni-

229 1942 324 1985 hus,
352 1951 443 1988 quas
465 1937 694 1974 Reichardus
718 1949 762 1972 eo
785 1938 895 1973 modo
916 1937 1060 1973 facilius
1083 1937 1263 1984 explicari
1289 1950 1395 1985 posse
1415 1947 1560 1984 censet,
1586 1942 1678 1976 ullas
1700 1948 1713 1955 ·

232 1987 466 2025 difficultates
487 1986 524 2020 in
546 1985 696 2020 nomine
718 1983 855 2030 Gythei
880 1984 1005 2028 video,
1033 1985 1062 2020 si
1083 1985 1219 2021 urbem
1243 1987 1278 2021 in
1303 1985 1431 2021 dextra
1451 1986 1554 2021 fluvii
1580 1989 1677 2035 ripa,

231 2042 267 2071 et
285 2034 484 2070 Trinasum
505 2033 695 2068 castellum
722 2031 842 2066 XXX
868 2032 992 2068 stadiis
1016 2033 1064 2067 ad
1089 2039 1211 2068 ortum
1237 2039 1422 2068 remotum
1443 2045 1520 2068 esse
1544 2036 1678 2070 statui-

231 2093 326 2118 mus,
363 2082 421 2117 De
440 2081 534 2116 urbe
555 2079 696 2115 Actaeis
717 2090 828 2126 quam
853 2091 923 2126 pro
945 2079 1065 2114 Acriis
1086 2079 1318 2115 Reichardus
1340 2079 1439 2126 apud
1459 2080 1677 2117 Strabonem

231 2129 313 2165 vult
338 2128 430 2177 legi,
465 2126 557 2162 nihil
586 2126 704 2162 habeo
731 2126 829 2173 quod
861 2127 994 2162 dicam.
1022 2147 1067 2153 -
1093 2127 1140 2163 cf.
1165 2125 1364 2170 Reichard‚
1398 2128 1679 2175 explanationes

233 2176 334 2212 orbis
355 2175 411 2211 sui
433 2182 569 2209 terrar.
595 2173 669 2207 tab.
688 2173 743 2206 lv.
774 2173 1051 2220 Peloponnesus
1070 2180 1106 2208 et
1127 2173 1308 2221 Cyclades
1328 2173 1379 2208 lit.
1395 2173 1441 2209 G.
1458 2193 1504 2200 -—
1525 2176 1679 2211 Flavius

234 2222 413 2270 Gythius‚
442 2232 552 2267 quem
574 2220 754 2266 Pompon.
778 2218 877 2254 Mela
897 2219 942 2255 11.
964 2222 998 2254 3.
1025 2226 1082 2264 (p.
1102 2220 1161 2253 47.
1186 2219 1242 2254 ed.
1268 2218 1375 2266 Rip.)
1396 2232 1472 2256 una
1490 2233 1574 2257 cum
1598 2225 1681 2258 Eu-

233 2276 316 2305 rota
341 2274 524 2304 memorat
543 2266 581 2300 in
604 2264 813 2307 Laconica,
841 2272 877 2300 et
898 2277 1008 2313 quem
1029 2265 1227 2301 Reichard.
1252 2266 1463 2312 prox-imum
1488 2268 1575 2303 urbi
1596 2269 1679 2317 Gy-

231 2317 319 2353 theo
336 2313 563 2362 designavit‚
591 2323 773 2360 nusquam
794 2311 886 2346 alias
908 2324 930 2347 a
953 2324 1011 2347 me
1035 2312 1151 2347 lectus
1172 2318 1246 2357 est3
1272 2325 1383 2360 quam
1398 2315 1446 2349 ob
1460 2326 1540 2349 rem
1556 2308 1681 2351 rivum

232 2368 376 2400 tantum
400 2373 485 2397 eum
509 2359 621 2396 fuisse
650 2358 838 2404 arbitror,
873 2359 936 2406 qui
964 2359 1120 2394 sortasse
1150 2360 1281 2395 urbem
1310 2362 1455 2397 transiit
1477 2368 1541 2398 aut
1561 2374 1681 2411 prope

233 2421 315 2447 eam
340 2409 378 2444 in
403 2420 507 2445 mare
530 2419 569 2443 se
596 2406 744 2442 infudit.
770 2426 815 2432 —
840 2406 1003 2442 Mueller
1026 2419 1110 2443 eum
1135 2418 1290 2454 prorsus
1316 2407 1465 2445 omittit.

280 2456 320 2500 6)
346 2455 544 2491 Pausanias
567 2454 630 2490 ΠΙ.
657 2456 717 2488 21.
743 2453 778 2488 6.

281 2505 322 2545 7)
349 2502 544 2537 Pausanias
571 2501 635 2536 111.
663 2501 722 2535 24.
752 2500 785 2536 5.

280 2551 321 2592 8)
347 2548 482 2583 Strabo
508 2548 598 2583 Vlll.
626 2561 662 2595 p.
687 2547 769 2582 363.
799 2558 831 2582 e.

280 2597 328 2680 {325
348 2594 480 2644 Polyb.
506 2594 547 2630 V.
573 2595 628 2630 19.
640 2596 674 2630 6.
699 2593 879 2640 (Γύθιον)
903 2596 965 2640 τῆς
986 2596 1028 2632 δὲ
1051 2593 1197 2637 πόλεως
1218 2594 1350 2644 ἀπέχει
1373 2596 1460 2643 περὶ
1483 2596 1682 2647 τριάκοντα

234 2656 301 2682 στα
329 2657 380 2679 em
