1848 2919
817 116 1154 158 -44-

251 214 404 257 lionem
417 214 509 273 ⁴⁶).
551 214 767 274 Lysander
802 224 945 259 nautas
980 216 1157 260 hostium
1185 233 1318 263 naves⁴
1335 220 1546 265 relicturos
1569 227 1706 278 putat,

253 280 290 324 si
320 280 567 339 stipendium
603 291 824 338 augeretur
838 285 935 341 ⁴⁷),
974 292 1029 345 eg
1045 283 1346 342 Cephisodotus
1380 287 1613 331 dehortatus
1647 295 1709 329 est

251 346 555 403 Athenienses,
584 363 638 391 ne
649 380 663 404 ,
695 363 787 392 eum
804 349 994 409 Spartani
1016 359 1109 408 post
1128 363 1308 410 pugnam
1323 353 1578 398 Leuctricam
1591 354 1708 411 lega-

247 425 314 461 tos
336 416 558 471 misissent,
589 416 660 474 qui
678 432 769 460 cum
784 416 1108 461 Atheniensibus
1130 418 1278 462 foedus
1299 417 1498 474 facerent,
1524 424 1708 479 utSpar-

249 482 337 525 tani
354 492 486 537 terra,
516 483 579 527 illi
596 484 700 528 mari
719 482 937 543 imperium
956 491 1158 542 tenerent,
1187 486 1294 531 hanc
1312 484 1581 531 conditionem
1602 486 1708 533 acci-

230 559 417 612 Δψωιιῑ,
449 551 560 607 quod
579 549 896 594 Lacedaemonii
916 550 959 593 in
981 552 1156 595 navibus
1174 552 1346 597 Helotes
1362 560 1518 596 tautum
1541 563 1582 596 et
1601 568 1708 598 mer-

249 616 434 660 cenarios
443 617 650 661 mitterent
668 618 761 675 ⁴⁸).
791 616 949 660 Endius
960 633 1123 676 quoque
1137 618 1236 662 dicit
1248 619 1358 678 apud
1365 618 1490 663 Diod.
1502 620 1624 662 XIII.
1635 621 1707 664 53.

248 686 489 743 Spartanos,
519 686 650 729 classe
669 701 745 744 per
760 700 872 728 mare
888 686 1096 745 expedita,
1126 685 1380 746 navigiorum
1394 695 1548 730 tannim
1565 686 1710 731 discria

250 768 347 795 men
371 752 535 808 subire,
565 754 845 797 Athenienses
871 769 971 798 vero
1003 755 1201 811 majorem
1222 752 1371 797 civium
1387 763 1544 811 partem
1570 753 1614 796 in'
1634 768 1710 797 na-

248 820 370 863 vibus
394 820 562 863 habere.

305 888 524 929 Praeterea
553 885 889 929 Lacedaemoniis
917 884 1077 940 obfuit,
1107 900 1187 942 quo
1212 885 1347 929 minus
1371 895 1550 941 tantum,
1581 878 1721 945 quan-⁰

212 960 218 963 “
248 962 335 995 tum
349 952 628 996 Athenienses
649 951 751 996 mari
766 952 973 1006 valerent,
1003 951 1136 1008 quod,
1168 945 1457 996 exercitatione
1479 951 1708 1007 deficiente,

248 1035 303 1062 ne
329 1020 626 1075 gubernatores
651 1019 816 1075 quidem
846 1017 1001 1075 peritos
1026 1018 1245 1074 haberent,
1275 1019 1452 1076 ideoque
1470 1018 1710 1077 peregrino-

248 1101 341 1128 rum
368 1101 494 1143 opera
520 1085 564 1128 in
592 1084 767 1128 navibus
792 1084 1020 1141 dirigendis
1044 1085 1104 1128 uti
1127 1086 1349 1139 deberent,
1392 1084 1501 1141 quod
1533 1084 1709 1143 impedi-

248 1161 430 1195 mentum
456 1152 593 1199 etiamv
607 1151 787 1194 Pericles
817 1151 861 1193 in
891 1160 1073 1203 mentem
1094 1151 1243 1194 civium
1275 1167 1441 1193 suorum
1464 1146 1598 1192 intulit
1618 1151 1707 1206 ⁴⁹).

248 1220 298 1260 In
318 1217 464 1260 horum
483 1229 652 1260 numero
676 1217 918 1275 praesertim
945 1233 1016 1261 eos
1038 1217 1190 1272 fuisse,
1221 1217 1368 1273 quibus
1388 1216 1617 1260 Samiorum
1633 1231 1709 1274 op-

249 1284 413 1327 timates
428 1282 780 1335 Lacedaemonios
796 1283 1013 1339 juvarent,
1044 1298 1070 1326 a
1087 1282 1329 1342 Thucydide
1351 1284 1542 1326 docemur
1562 1288 1576 1310 ⁵
1588 1284 1652 1339 ⁰).

307 1351 393 1393 Gur
425 1365 549 1406 vero,
593 1349 743 1407 aliquis
782 1348 1028 1406 interroget,
1067 1349 1356 1408 Peloponnesii
1391 1363 1439 1394 se
1468 1365 1549 1393 non
1579 1349 1710 1407 magis

250 1417 571 1472 exercebant,
555 1434 600 1461 ιιι
620 1416 768 1475 quibus
786 1425 924 1459 tamen
941 1415 1142 1459 Corinthii
1170 1425 1307 1470 erant,
1336 1416 1405 1473 qui
1427 1416 1604 1459 omnium
1620 1417 1706 1474 pri-

248 1484 307 1526 mi
334 1484 519 1527 triremes
542 1483 806 1525 aedificarunt
826 1488 841 1509 ³
856 1475 902 1539 4)
930 1490 972 1523 et
998 1480 1104 1525 aliae
1135 1482 1319 1526 civitates
1341 1481 1565 1526 maritimae
1585 1509 1642 1516 —
1664 1493 1709 1526 ut

246 1567 324 1609 per
340 1550 487 1608 viginti
511 1550 611 1595 belli
637 1565 766 1593 annos
787 1564 841 1591 ne
864 1564 969 1592 unus
992 1548 1157 1605 quidem
1181 1548 1412 1606 praefectus
1433 1551 1707 1594 memorabilis

249 1618 486 1672 exsisteret,
520 1626 561 1660 et
589 1617 633 1659 in
666 1615 854 1659 omnibus
885 1614 1054 1673 proeliis
1089 1614 1304 1659 navalibus
1335 1624 1526 1672 tanquam
1556 1615 1708 1663 tirones

248 1693 472 1743 appareant
483 1685 504 1728 ¹?
533 1683 604 1727 Ad
615 1683 720 1726 hanc
735 1698 896 1740 quoque
905 1681 1184 1740 quaestionem
1194 1681 1378 1726 Pericles
1389 1683 1609 1741 respondet
1616 1688 1630 1711 ⁵
1643 1686 1706 1740 ²).

247 1751 524 1810 Peloponnesi
552 1750 733 1806 incolae,
764 1749 941 1794 Doricae
973 1745 1151 1793 maxime
1187 1748 1356 1806 originis
1376 1740 1430 1794 ¹¹et
1443 1749 1704 1828 Arcadicae,

296 1904 362 1949 46)
386 1904 559 1963 Thucyd
587 1903 730 1939 1.143.
768 1908 841 1940 εἴτε
879 1904 945 1939 καὶ
974 1922 1020 1932 -
1051 1905 1181 1950 μισθῷ
1211 1904 1356 1954 μειζονι
1381 1917 1565 1951 nuptura>
1597 1904 1707 1953 ἡμῶν

250 1951 461 1999 ὑπολαβεῖν
481 1951 568 1992 τοὺς
588 1954 717 1993 ξένους
736 1954 811 1988 τῶν
829 1953 979 1989 ναυτῶν
995 1963 1030 1991 κ.
1050 1965 1080 1987 τ.
1102 1952 1135 1986 λ.

299 2011 364 2054 47)
389 2009 436 2046 οἷ.
462 2016 539 2045 not.
566 2011 624 2045 3.8

296 2069 363 2108 48)
388 2070 485 2104 Xen.
498 2069 630 2104 Hellen
656 2067 792 2105 v11.1.
819 2071 876 2104 12.
906 2071 952 2105 Οἱ
971 2068 1014 2106 δὲ
1036 2070 1171 2105 ναῦται
1188 2065 1363 2114 δηλονότι
1384 2069 1532 2105 ἔσονται
1556 2065 1578 2113 ἢ
1598 2070 1705 2105 εἵλω-

247 2129 324 2162 τες,
347 2114 370 2162 ἤ
391 2114 644 2165 μισθσφόοοι.

295 2176 361 2220 49)
385 2176 557 2232 Thucyd.
575 2175 601 2211 I.
618 2174 702 2212 143.
726 2177 791 2211 καὶ
810 2173 905 2222 ὅπερ
925 2187 1128 2223 κρατιστον
1146 2171 1375 2232 κυβερνητας
1395 2175 1536 2232 ἔχομεν
1553 2176 1707 2214 πολίτας

246 2225 313 2258 και
335 2222 403 2267 τὴν
424 2221 549 2267 ἄλλην
563 2222 775 2271 ὑπηρεσίαν
792 2224 944 2262 πλείους
966 2225 1033 2258 καὶ
1054 2223 1233 2269 ἀμείνους
1250 2218 1272 2266 ἤ
1294 2224 1399 2257 πᾶσα
1423 2220 1445 2267 ἡ
1466 2218 1558 2264 ἄλλη
1566 2217 1703 2260 Ἑλλάς.

296 2282 365 2323 50)
389 2279 561 2329 Thucyd.
582 2278 642 2314 IV.
667 2280 725 2315 75.
752 2280 848 2324 ἔνθα
877 2281 913 2315 οἱ
941 2277 1150 2339 φεύγοντες
1177 2281 1253 2317 τῶν
1273 2283 1443 2338 Σαμίων
1459 2274 1707 2319 καταστάντες

247 2326 335 2370 τούς
357 2341 395 2364 τε
417 2330 752 2372 Πελοποννησίους
772 2327 947 2385 ὠφέλουν
968 2330 1006 2367 ἐς
1032 2327 1076 2363 τὰ
1105 2326 1262 2364 ναυτικὰ
1283 2325 1512 2387 κυβερνήτας
1528 2329 1705 2373 πέμπον-

247 2389 317 2416 τες.
344 2396 392 2402 --
418 2376 516 2418 Xen.
538 2374 682 2431 Hellen.
706 2373 734 2409 1.
758 2373 792 2409 6.
815 2373 875 2408 32.
901 2373 1055 2424 ‘'Emew
1085 2376 1130 2412 δὲ
1154 2374 1394 2425 Μεγαρεὺςο
1417 2387 1467 2420 τῳ
1486 2375 1704 2423 Καλλικρα-

251 2425 335 2470 τίδᾳ
361 2425 567 2472 κυβερνῶν.

298 2484 364 2523 51)
387 2479 613 2531 Thucyd.1.
642 2485 697 2519 13.
725 2484 790 2519 καὶ
816 2478 977 2530 τριήρεις
995 2483 1148 2527 πρῶτον
1174 2482 1216 2518 ἐν
1240 2485 1421 2527 Κορίνθου
1450 2481 1513 2524 τῆς
1531 2477 1707 2521 Ελλάδος

250 2531 433 2576 ἓννιιιᾞηη
436 2533 597 2576 ηθῆναι.

297 2589 361 2630 52)
387 2588 605 2636 Thucyd-I.
634 2589 714 2622 141.
752 2586 962 2645 αῧτουργοί
980 2599 1017 2623 τε
1039 2584 1115 2633 γάρ
1136 2589 1206 2623 εἰσι
1229 2582 1530 2630 Πελοποννῆᾱιοι
1561 2593 1597 2621 et
1625 2586 1704 2620 142.

247 2635 387 2680 ἅνδοες
408 2640 571 2681 γεωργοὶ
592 2639 656 2671 καὶ
677 2636 721 2671 οὐ
740 2633 958 2670 θαλάσσιοι
985 2633 1072 2670 cfil.
1087 2634 1145 2679 80.
1160 2640 1196 2667 et
1210 2639 1403 2680 praeterea
1416 2631 1527 2669 Diod.
1538 2632 1637 2671 Xlll.
1649 2633 1705 2668 52.

255 2683 366 2731 ἡμεῖς
389 2683 464 2728 μὲν
490 2682 645 2718 ἅπασαν
672 2681 737 2726 τὴν
756 2680 1055 2727 Πελοπόννησον
1076 2682 1333 2728 γεωργοῦιιεν.
